3036 4912
628 251 850 319 -64-

152 437 221 498 tum
244 469 287 480 -
312 449 373 512 qno
397 431 503 498 edicto
528 439 563 513 V,
590 433 639 514 18,
664 433 681 496 I
707 432 791 498 libro
819 472 858 482 —
882 451 922 498 ex
946 452 1007 514 quo
1041 433 1125 500 libro
1158 441 1242 502 XIII.
1277 433 1329 516 10,

153 538 272 604 alieri
298 577 334 587 —
363 557 496 619 quorum
519 539 682 607 librorum.
714 547 768 620 ΧΙ,
802 543 851 622 13,
882 544 902 604 9
934 541 1036 607 verba
1067 581 1111 590 -
1143 541 1177 606 in
1209 541 1327 622 quibus

151 645 261 712 verbis
276 651 358 725 XIV,
384 647 412 726 7,
437 648 457 710 9
482 645 594 728 gradu.
639 647 692 712 Ex
717 666 778 727 quo
799 647 903 732 gradu
919 654 985 728 XV,
1003 648 1032 730 8,
1051 651 1066 712 1
1087 649 1265 714 orationem
1282 687 1328 698 —-

152 772 215 833 qua
238 752 384 818 oratione
408 760 490 835 XVI,
516 755 565 834 13,
590 754 609 816 6
633 753 841 818 monens-
866 774 885 818 a
909 773 971 834 quo
995 773 1126 820 munere
1150 761 1219 838 XX,
1248 757 1275 838 1,
1306 757 1327 820 6

150 861 253 926 verbe
275 864 374 940 atque
397 879 502 924 mores
524 868 569 910 '--
592 859 707 939 quibus
730 860 840 924 verbis
863 862 1075 941 moribusque.

256 967 381 1034 Deinde
397 986 618 1033 enumeremus
635 987 690 1034 eos
713 967 808 1049 locos,
832 968 886 1033 ubi
910 970 1035 1036 duabus
1059 969 1231 1036 sententiis
1252 969 1328 1034 sim-

149 1075 279 1158 pliciter
309 1093 367 1158 per
391 1079 433 1156 ,et
465 1075 534 1156 que'
566 1075 696 1140 conexis
728 1075 862 1167 alterius
894 1077 1134 1142 substantivum
1165 1077 1326 1157 quoddam

149 1202 265 1248 nomen
301 1185 334 1248 in
375 1183 480 1248 altera
508 1183 612 1247 denuo
645 1202 710 1248 una
741 1201 812 1248 oum
847 1184 1034 1264 pronomine
1067 1185 1324 1252 demonstrativo

150 1289 354 1356 coniunctum
386 1290 533 1372 ponitur,
564 1290 649 1370 quod
680 1290 783 1359 fusius
813 1289 941 1356 dicendi
972 1311 1073 1374 genus
1104 1291 1248 1372 proxime
1280 1291 1325 1358 ad

149 1397 306 1462 cotidiani
329 1397 485 1464 sermonis
508 1397 740 1478 loquacitatem
764 1398 899 1463 accedit.
927 1397 1000 1464 Huc
1023 1399 1142 1464 refero:
1311 1479 1315 1488 ι

254 1504 297 1587 ΙΙ,
330 1509 358 1588 2,
385 1507 411 1571 1.
435 1511 571 1571 venerat
594 1524 726 1586 praeses
750 1510 838 1574 ..et
861 1505 1003 1571 eiusdem
1035 1504 1195 1588 praesidis
1227 1509 1324 1587 pater

128 1610 193 1694 ΙΙ,
218 1612 276 1692 24,
301 1612 330 1678 6.
355 1611 467 1678 diebus
491 1631 608 1692 eosque
631 1612 718 1693 ipsos
742 1612 811 1677 dies
836 1611 902 1694 III,
929 1613 982 1695 10,
1009 1614 1057 1676 14.
1082 1612 1116 1677 in
1139 1611 1254 1678 diebus
1279 1651 1318 1661 -

148 1737 266 1798 eosque
290 1719 367 1784 dles.
383 1719 444 1802 III,
470 1721 520 1801 16,
547 1721 596 1784 12.
619 1719 654 1813 id
677 1719 782 1801 ipsum
805 1718 1042 1786 decretum...
1066 1726 1103 1785 In
1127 1739 1164 1784 eo
1189 1719 1322 1785 decreto

148 1826 186 1908 V,
210 1829 239 1907 6,
268 1828 327 1893 14:
343 1827 398 1907 qui
420 1836 524 1892 locum
548 1846 612 1891 non
636 1825 848 1892 retinuissent
871 1845 972 1907 eoque
995 1825 1065 1892 loco
1089 1877 1096 1891 .
1120 1878 1127 1894 .
1151 1825 1249 1909 potiti
1274 1845 1322 1892 es·

148 1940 220 1998 sent
244 1935 311 2014 (ubi
335 1933 559 2000 animadverte
584 1933 764 1998 molestiam
788 1936 822 1998 et
844 1933 1063 2016 inelegantem
1085 1933 1322 2000 sententiarum

148 2059 301 2106 conexum
333 2059 442 2122 ,eoque
474 2041 567 2128 loco’)
591 2041 651 2122 VI,
678 2042 732 2122 19,
765 2041 793 2107 I.
825 2039 989 2105 decretum
1019 2079 1063 2088 -
1090 2040 1171 2106 Eius
1199 2039 1322 2106 decreti

147 2148 219 2230 Vll,
243 2152 272 2232 9,
300 2153 326 2231 1,
349 2167 403 2216 res
426 2168 528 2230 eaque
551 2168 603 2213 res
635 2147 659 2229 Ι,
689 2149 741 2228 25,
767 2150 817 2214 16.
848 2152 925 2213 ante
949 2167 1020 2214 eum
1051 2148 1135 2214 diem
1154 2187 1198 2196 -
1222 2152 1321 2228 atque

147 2255 175 2320 is
204 2257 273 2322 dies
296 2258 362 2340 XI,
394 2260 451 2340 16,
480 2259 500 2322 2
528 2257 610 2321 liber
634 2261 667 2320 et
690 2255 759 2322 eius
782 2255 859 2320 libri
881 2255 978 2338 XIV,
1006 2259 1040 2339 l,
1067 2257 1106 2322 13
1130 2255 1321 2336 quibusdam

146 2345 243 2429 terris
267 2365 509 2446 conspiciuntur
532 2381 703 2443 earumque
731 2368 892 2428 terrarum
915 2363 961 2448 X,
993 2365 1045 2443 12,
1075 2366 1094 2428 I
1123 2381 1201 2429 aues
1228 2381 1322 2443 quas-

146 2471 220 2536 dam
244 2469 610 2538 ω1111111111111111
632 2470 730 2552 XVI,
766 2471 820 2553 11,
851 2473 866 2533 1
897 2488 1012 2554 agrum
1040 2508 1082 2518 -—
1115 2473 1149 2535 et
1177 2470 1319 2536 eiusdem

146 2578 219 2660 agri
242 2578 351 2658 XVII,
377 2582 410 2660 6,
443 2581 491 2660 10,
515 2578 683 2660 pecuniam
712 2615 755 2626 -
779 2577 861 2641 llam
883 2577 1052 2658 pecuniam
1076 2577 1185 2660 XVII,
1214 2579 1248 2659 9,
1279 2577 1317 2641 11

145 2687 275 2751 tabulas
299 2725 342 2734 -—
367 2705 483 2766 easque
507 2685 645 2750 tabulas
691 2683 800 2765 XVII,
830 2686 885 2766 12,
911 2687 937 2750 1.
961 2684 1115 2750 materies
1139 2721 1182 2732 -—
1206 2683 1239 2748 in
1263 2702 1319 2748 eas

144 2793 298 2858 materias
314 2793 419 2874 XVII,
445 2795 494 2874 12,
518 2794 547 2858 4.
572 2807 685 2858 versus
701 2830 743 2838 —
764 2790 813 2855 Eo
837 2809 935 2857 versu
955 2791 1079 2870 XVIII,
1104 2793 1133 2872 6,
1157 2793 1177 2854 3
1201 2791 1318 2856 librum

145 2900 251 2964 —Ei
276 2900 366 2966 libro.
391 2901 433 2991 X,
456 2901 485 2980 9,
509 2902 537 2964 3.
562 2901 603 2964 ab
627 2897 705 2980 ipsis
728 2899 824 2982 rebus
850 2937 888 2947 —
915 2916 1088 2978 earumque
1112 2917 1228 2964 rernm,

250 3008 349 3072 Aliud
382 3007 601 3072 abundantiae
630 3025 731 3090 genus
764 3005 907 3072 eflicitur
938 3007 970 3070 in
1002 3006 1112 3071 eodem
1146 3006 1315 3071 enuntiato

143 3116 198 3180 ubi
222 3115 461 3201 substantivum
484 3119 558 3202 post
581 3114 785 3179 Interiectam
802 3112 998 3178 sententiam
1015 3113 1175 3192 quandem
1199 3113 1317 3194 exeipi-

143 3230 197 3289 tur
222 3229 278 3290 aut
302 3243 360 3305 per
383 3241 557 3304 pronomen
581 3221 642 3303 ipsi
666 3221 695 3285 ei
719 3221 771 3286 vel
796 3221 910 3286 similis
934 3221 1075 3286 notionis
1099 3222 1199 3286 verbo
1229 3221 1317 3286 addi-

143 3337 212 3396 tum
236 3336 294 3397 aut
315 3351 374 3412 per
401 3329 537 3411 simplex
552 3345 736 3411 pronomen.
782 3329 891 3407 Atque
906 3327 1047 3393 iteratur
1063 3328 1196 3394 verbum
1213 3328 1315 3409 ipsum

143 3457 213 3503 cum
237 3437 436 3519 pronomine:
460 3436 568 3518 XVII,
597 3437 644 3518 19,
668 3437 688 3498 3
712 3434 871 3500 hominem
889 3433 1129 3499 -istiusmodi
1153 3435 1314 3528 hominem

143 3545 248 3626 XVII,
273 3546 324 3628 20,
349 3544 640 3610 21111111111-
665 3561 704 3606 ea
727 3543 828 3607 verba
852 3541 948 3623 XIV,
975 3544 1002 3622 1,
1034 3543 1055 3604 4
1078 3541 1243 3624 negotium
1269 3581 1310 3588 -

142 3651 233 3736 idn3
257 3672 315 3733 per
338 3651 426 3718 aliud
449 3669 565 3716 nomen
589 3649 762 3730 excipitur:
787 3647 830 3729 ΙΙ,
864 3652 918 3730 12,
950 3651 964 3711 1
996 3647 1023 3712 11
1049 3649 1089 3712 ob
1120 3648 1313 3714 discordiam

143 3756 436 3838 dissensionemque
460 3797 502 3805 -—
527 3763 560 3821 et
585 3757 624 3821 ob
649 3775 719 3820 eam
744 3774 873 3820 causam
900 3754 979 3836 VII,
1014 3756 1068 3836 10,
1097 3757 1117 3818 2
1146 3755 1200 3834 qui
1232 3754 1314 3820 ciuis

142 3868 229 3930 esset
254 3903 291 3913 -
318 3871 355 3930 ut
378 3865 406 3930 ei
431 3865 552 3930 homIni
576 3864 626 3946 II,
652 3863 707 3945 15,
737 3864 773 3928 I:
803 3862 1028 3943 111111111-
1053 3862 1093 3926 de
1121 3880 1159 3926 ee
1187 3867 1314 3944 aetate,

140 3993 198 4053 per
222 3973 323 4040 solum
346 3992 521 4054 pronomen
544 3971 714 4054 recipitur:
738 3970 788 4050 II,
815 3973 871 4052 16,
903 3971 1060 4035 41111111
1083 4007 1125 4017 -
1148 3975 1260 4036 natum
1285 3970 1314 4034 ei

140 4081 234 4163 XIII,
258 4081 287 4162 b,
312 4083 345 4146 5:
369 4081 479 4146 vinum
503 4099 566 4145 non
590 4098 660 4144 esse
684 4078 725 4143 id.
749 4077 821 4160 XV,
852 4081 901 4160 10,
925 4080 945 4141 2
969 4082 1005 4140 ut
1029 4076 1175 4158 virgines
1198 4082 1235 4142 ut
1251 4077 1313 4142 bae

140 4188 199 4270 ΙΙΙ,
224 4190 252 4270 9,
277 4191 297 4254 3
321 4193 358 4253 ut
381 4187 589 4268 quisquis-
612 4191 649 4252 ut
672 4186 700 4251 is
723 4185 782 4267 VI,
805 4187 834 4266 2,
861 4187 902 4249 10
922 4183 1087 4248 Hannibal
1110 4184 1195 4248 -is
1219 4183 1312 4264 XIII,

140 4297 195 4375 31,
224 4295 421 4361 3111111111
446 4312 583 4358 —eam
607 4293 699 4372 XIII,
728 4293 785 4372 31,
816 4294 835 4356 9
865 4289 955 4373 pueri
980 4329 1020 4336 —-
1050 4309 1114 4354 non
1145 4290 1187 4354 bi.
1234 4291 1312 4356 Plus

140 4403 240 4467 habet
264 4401 462 4483 offensionis,
487 4401 542 4466 ubi
567 4399 715 4480 obliquus
738 4399 936 4464 substantivi
960 4399 1098 4481 nominis
1131 4415 1224 4462 casus
1254 4415 1312 4476 per
