3036 4912
653 262 875 328 ..66-

177 440 391 526 reperiantur,
409 459 491 523 quae
513 442 663 508 addenda
679 461 749 508 esse
765 442 970 510 videbantur.
1016 443 1125 524 Atque
1141 441 1170 510 si
1185 439 1361 526 quaeritur

177 549 216 614 de
249 549 337 614 illius
361 549 486 633 figurae
509 568 589 615 vera
612 569 651 616 ec
678 549 820 633 genuina
848 551 976 616 ratione
1004 555 1037 614 et
1068 552 1115 635 vi,
1144 553 1359 618 statuendum

177 661 228 722 est
257 656 341 722 sieut
365 657 492 722 omuino
517 657 750 723 alliterationis
774 677 876 740 genus
899 658 948 723 ita
970 658 1060 724 illam
1084 659 1177 724 initio
1209 659 1360 726 valuisse

176 764 422 847 adaugendam
446 769 480 829 et
503 765 734 830 intendendam
758 765 913 846 simplicis
944 766 1036 832 verbi
1066 767 1249 851 notionem,
1285 773 1357 834 tum

175 872 330 953 primario
364 872 470 938 colore
508 873 614 955 magis
645 873 814 956 magisque
851 873 968 942 amisso
1000 873 1166 954 frequenti
1194 875 1361 940 cotidiani

156 981 332 1046 'sermonis
360 999 420 1045 usu
450 980 554 1044 deteri
578 984 726 1061 coeptam
751 980 889 1060 denique
913 981 955 1047 ad
979 1000 1049 1046 eum
1075 981 1247 1064 dignitatis
1283 1001 1361 1065 gra-

175 1087 250 1151 dum
274 1106 344 1152 esse
368 1107 583 1171 progressam,
599 1096 636 1155 ut
657 1090 720 1156 nisi
737 1088 793 1154 ubi
817 1089 1015 1154 attributiva
1031 1089 1188 1169 quaedam
1206 1089 1359 1155 definitio

175 1193 332 1260 adiectivi
360 1195 413 1260 vel
437 1196 634 1276 pronominis
665 1196 718 1261 vel
748 1196 897 1263 adverbii
926 1196 1109 1279 adderetur,
1132 1196 1215 1262 nihil
1239 1197 1360 1261 terea

174 1301 328 1384 simplicis
360 1303 453 1368 verbi
478 1303 716 1386 significatione
740 1303 876 1369 did'eret.
922 1304 975 1369 Sic
1001 1303 1087 1385 apud
1110 1302 1251 1368 Gellium
1277 1323 1359 1368 raro

72 1460 74 1468 .
174 1415 250 1473 sunt
285 1411 448 1492 exempla,
484 1412 539 1476 ubi
573 1411 769 1476 attributum
804 1412 912 1493 deest,
958 1412 1004 1494 ΙΙ,
1035 1411 1098 1494 {19,
1137 1412 1166 1475 4.
1202 1393 1358 1476 consulto

174 1517 307 1580 oonsilio
332 1517 390 1600 IX,
416 1521 465 1600 11,
496 1520 546 1584 10.
570 1523 713 1584 statuam
737 1518 943 1584 statuendam
976 1519 1044 1606 (ubi
1077 1518 1205 1598 quidem
1237 1521 1359 1582 rerba·

172 1623 214 1687 Iis
238 1625 417 1690 accusativi
441 1626 492 1692 vis
515 1627 621 1691 minus
645 1627 786 1691 sentitur
810 1645 849 1691 ea
872 1647 921 1710 re,
957 1627 1043 1706 quod
1071 1646 1135 1692 vox
1159 1628 1291 1708 ,statua'
1321 1625 1357 1690 in

172 1730 336 1811 propriam
360 1733 522 1797 notionem
555 1733 745 1815 ,Standbild'
779 1734 903 1815 cessit);
934 1734 967 1816 Ι,
1002 1731 1063 1799 11.
1092 1734 1195 1800 vitam
1212 1733 1355 1799 ¹vivere.

173 1837 379 1903 Attributum
403 1840 550 1904 additum
574 1845 625 1905 est
649 1841 852 1906 accusativo:

278 1947 382 2014 vitam
406 1947 518 2012 vivere
547 1950 701 2014 caelibem
730 1950 768 2031 V,
800 1951 856 2030 11,
885 1951 913 2014 2.
943 1968 972 2014 v.
1001 1967 1030 2013 v.
1062 1948 1354 2028 tranquillisimam

172 2053 277 2135 XVII,
304 2056 353 2136 19,
378 2057 407 2118 6.

278 2161 411 2244 vigilias
435 2163 574 2245 vigilare
598 2164 699 2244 praei.
726 2165 782 2228 19:
805 2164 914 2228 nullas
937 2182 967 2230 v.
995 2181 1031 2228 v..
1136 2187 1138 2200 ’

281 2274 424 2334 statuam
448 2275 593 2336 statuere
617 2271 673 2352 IV,
697 2271 726 2353 5,
751 2271 780 2335 4.
805 2290 876 2335 eam
900 2276 940 2337 st.
964 2276 1003 2335 st.

279 2377 446 2442 eonsilium
471 2378 636 2442 consulere
661 2378 685 2459 Ι,
712 2379 762 2460 13,
786 2379 815 2443 4.
839 2379 920 2442 bene
945 2376 1093 2442 consulta
1116 2377 1259 2442 consilia.

275 2482 417 2567 'pugnam
441 2504 587 2568 pugnare
610 2484 669 2568 ΙΙΙ,
694 2487 722 2569 8,
791 2505 887 2552 uuam
910 2491 1008 2564 atque
1032 2483 1170 2549 alteram
1185 2503 1214 2564 p.
1231 2504 1261 2565 p.
1308 2485 1352 2577 X,

170 2591 200 2670 3,
233 2593 282 2655 19.
314 2593 438 2671 aliquot
466 2613 495 2674 p.
527 2595 683 2659 adversas
714 2613 760 2675 p.;
792 2593 938 2676 passive:
969 2591 1037 2670 XV,
1079 2595 1129 2674 18,
1153 2595 1182 2658 2.
1206 2611 1235 2672 p.
1253 2611 1352 2657 vauer-

170 2697 284 2762 rimam
316 2700 454 2782 pugnari
482 2701 554 2783 XV,
588 2703 645 2784 18,
673 2704 693 2767 3
729 2720 857 2783 pugnae
893 2701 962 2764 dies
997 2719 1079 2780 quae
1115 2704 1261 2781 pugnata
1289 2703 1352 2764 est.
1481 2701 1482 2706 ’

277 2806 366 2889 XVI,
394 2810 442 2888 19,
470 2794 888 2873 12101110101101100010
913 2824 973 2872 sua·
995 2807 1057 2872 sibi
1082 2807 1196 2878 omnia.

278 2915 431 2996 gaudium
456 2916 598 2997 gaudere
621 2915 680 2998 ΙΧ,
704 2918 738 2996 9,
764 2915 805 2978 15
829 2935 860 2997 g.
890 2934 919 2996 g.
945 2914 1118 2996 genuinum
1142 2918 1176 2978 et
1199 2914 1367 2978 intimum.
1480 2933 1481 2936 ¹

172 3026 205 3085 et
228 3021 354 3108 vigens

277 3131 424 3195 facinora
456 3129 564 3196 faeere
587 3131 625 3212 V,
656 3132 705 3209 12,
730 3131 751 3193 4
775 3129 806 3212 ,t
831 3128 852 3195 1.
877 3129 999 3211 fortia’,
1024 3127 1079 3194 ubi
1102 3132 1181 3192 nota
1204 3126 1348 3191 altit-era·

170 3237 300 3306 tionem.

275 3347 379 3412 lusum
402 3345 526 3411 ludere.
550 3345 673 3426 XVIII,
700 3345 750 3427 13,
773 3346 795 3408 4
818 3345 838 3411 1.
862 3346 1055 3410 lus-eramus
1079 3361 1160 3408 eum.

276 3455 450 3520 victoriam
474 3454 603 3518 vinoer'e
628 3452 699 3535 XV,
727 3451 810 3517 181.
835 3470 864 3516 v.
889 3470 984 3530 quam
1007 3449 1097 3515 vicit.

276 3566 413 3643 peecata
435 3580 570 3642 peceare
593 3560 634 3642 X,
662 3560 701 3623 19
725 3559 745 3626 l.
768 3579 798 3640 p.
823 3577 904 3637 quae
928 3560 1153 3639 peccaverant.

276 3689 402 3734 errores
427 3687 537 3735 errare
560 3669 601 3750 X,
628 3669 667 3730 16
692 3667 712 3731 l.
738 3685 817 3745 qnos
840 3685 865 3730 e.
890 3670 1017 3730 erratus

275 3777 499 3842 iusiurandum
522 3775 631 3840 Iurare
648 3772 686 3855 V,
714 3775 763 3855 19,
787 3774 807 3836 6
831 3773 851 3837 i.
876 3771 962 3852 quod
978 3773 1159 3851 iuraretur3
1182 3770 1243 3852 IV,
1267 3771 1296 3852 3,
1324 3771 1344 3833 2

168 3885 188 3949 i.
214 3884 298 3964 quod
322 3886 429 3949 iurare
454 3885 585 3947 coaetus
609 3885 689 3946 erat.

276 3990 475 4071 triumphum
499 3988 700 4067 triumphare
724 3987 765 4068 II,
791 3988 841 4068 11,
865 3988 886 4050 4
909 3991 950 4053 tr.
974 3991 1015 4055 tr.
1039 4003 1164 4052 novem.
1197 3969 1200 3980 “

276 4117 392 4163 canere
417 4116 545 4162 carmen
569 4095 664 4178 XVI,
698 4097 754 4177 19,
786 4096 835 4161 12.
859 4113 885 4158 e.
909 4113 935 4160 c.
959 4092 1156 4159 oorrsoiabile
1179 4092 1269 4174 XVI,
1295 4093 1344 4171 19,
1477 4163 1478 4170 ,

170 4207 221 4273 14.
245 4225 270 4272 o.
295 4196 380 4286 quod
405 4205 545 4270 orthium
570 4203 690 4268 dieitur
713 4201 870 4268 cantavit.

274 4314 490 4378 Accusativus
519 4311 638 4392 pendet
671 4331 691 4376 a
722 4311 823 4376 verbo
855 4307 997 4374 eiusdem
1022 4308 1134 4389 stirpis
1159 4326 1229 4372 uum
1253 4326 1343 4387 prae·

167 4421 328 4502 positione
353 4419 545 4500 composito:
