3036 4912
642 215 864 286 hqd„

276 397 410 468 Conitor
434 397 488 466 VI.
513 398 543 484 3,
568 401 602 465 ⁴2:
627 399 734 465 conixi
758 403 834 465 sunt
858 453 865 468 .
889 451 895 466 .
923 451 930 465 .
955 415 1153 482 componere.

273 510 391 576 Enitor
406 509 481 592 XII,
506 505 534 590 5,
560 512 596 573 9:
620 508 750 573 vincere
768 527 838 572 eum
862 513 960 589 atque
977 507 1157 589 opprimere
1180 504 1369 572 enitentis

274 617 396 700 ,Fugio’
420 636 495 681 raro
518 616 552 680 in
575 615 719 696 pedestri
736 615 883 680 oratione
907 615 1026 696 ancipit
1053 615 1264 696 infinitivum;
1296 621 1369 695 III,

169 725 219 806 14,
245 725 299 788 ll:
324 724 430 788 dicere
455 723 599 788 studiose
622 721 716 804 fugit.

275 849 371 932 ,Vito'
395 849 436 931 X,
461 849 512 930 21,
537 849 570 912 2;
594 846 643 912 uti
667 847 841 912 vitaverat.

211 1058 214 1064 ἱ
273 975 438 1055 11111110.
472 973 528 1054 11,
564 973 593 1054 9,
629 972 663 1038 5:
705 971 847 1036 exordiri
881 972 1125 1052 temperandum
1162 977 1220 1038 est.
1255 972 1366 1054 XVI,

169 1084 218 1164 19,
248 1087 305 1146 Il:
330 1086 366 1146 ut
390 1079 505 1147 afferre
529 1083 757 1161 temperarent.

274 1207 405 1272 Gravor
427 1206 502 1274 XX.
531 1207 579 1286 10,
604 1207 637 1269 9:
661 1205 820 1285 profioiSoi
845 1206 1078 1287 gravabantur.

275 1330 402 1412 Oeeupo
441 1329 502 1410 X,
531 1331 583 1412 19,
634 1332 690 1393 11;
729 1329 792 1394 nisi
830 1330 912 1394 mori
951 1333 1147 1410 occupasset.
1210 1328 1364 1410 Saepius

168 1439 254 1520 apud
305 1438 435 1502 Livium
490 1457 560 1502 oum
611 1437 771 1504 infinitivo
819 1438 1028 1519 coniungitur
1074 1438 1112 1504 of.
1159 1439 1278 1503 Miiller
1331 1438 1363 1519 I,

170 1548 220 1628 14,
244 1548 266 1610 4
288 1564 319 1609 1.

276 1669 328 1733 Ad
353 1669 550 1734 cotidianum
575 1669 713 1733 maxime
745 1689 922 1734 sermonem
954 1669 1170 1734 revocandum
1202 1688 1273 1734 esse
1305 1669 1362 1732 in-

171 1777 332 1843 finitivum
356 1795 376 1840 a
398 1776 507 1840 verbis
523 1777 619 1840 eundi
636 1776 828 1856 pendentem
846 1797 903 1858 pro
921 1782 1009 1842 certo
1026 1777 1129 1841 habeo
1147 1777 1186 1841 ef.
1203 1777 1361 1858 exempla

169 1905 189 1950 a
204 1885 370 1966 Draegero
386 1883 436 1946 112
452 1881 470 1968 ξ
488 1883 562 1964 433,
579 1885 599 1946 6
616 1888 780 1966 congesta,
798 1885 839 1948 ad
855 1903 947 1964 quem
964 1904 1005 1949 ex
1020 1884 1127 1948 Gellio
1144 1883 1233 1965 XVI,
1258 1885 1287 1965 3,
1314 1885 1355 1948 2;

173 2011 253 2074 ,eum
276 1991 356 2055 isset
379 1990 487 2054 visere
515 1995 548 2053 et
571 1991 660 2073 XVI,
687 1993 736 2072 19,
760 1991 780 2054 5
810 1991 1032 2072 ,proficiscitur
1056 2031 1098 2038 -
1129 1991 1244 2055 visere'
1274 1989 1356 2054 affe-

169 2103 292 2163 rentem
319 2097 401 2161 addo
418 2097 479 2179 III,
505 2098 533 2178 7,
560 2099 614 2163 12:
639 2117 789 2177 quorsum
812 2099 860 2164 ire
888 2103 1028 2180 pergant
1044 2098 1118 2179 XII,
1143 2099 1172 2179 5,
1197 2100 1217 2162 2
1241 2097 1358 2180 pergit

170 2205 282 2271 videre
306 2205 395 2286 XIV,
420 2206 448 2286 2,
475 2205 513 2267 11
538 2224 638 2286 pergo
667 2206 723 2271 ire.

274 2329 460 2394 Abstraetis
482 2328 664 2393 nominibus
688 2349 758 2393 eum
783 2331 850 2410 ,est’
875 2348 952 2394 vero
977 2328 1162 2408 compositis
1187 2329 1349 2393 adhaeret

170 2437 351 2502 infinitivus
375 2436 441 2518 his:

278 2566 425 2641 potestas
448 2560 473 2640 I,
498 2561 526 2640 9,
551 2561 587 2625 5;
611 2562 713 2626 verba
736 2560 844 2626 faeere
869 2612 874 2624 .
900 2612 906 2625 .
931 2612 937 2624 .
962 2543 1117 2640 quaerere
1142 2613 1148 2628 .
1175 2613 1181 2627 .
1206 2561 1349 2626 seribere

170 2690 198 2751 p.
224 2675 303 2734 erat.
328 2667 368 2748 n,
393 2668 445 2748 24,
473 2677 528 2731 11;
553 2671 590 2732 ut
613 2667 773 2732 insumere
797 2669 847 2732 ius
870 2673 1079 2748 potestasque
1106 2675 1201 2733 esset.
1256 2711 1258 2715 -
1318 2749 1319 2754 ἵ

276 2793 334 2858 Ius.
363 2793 404 2874 X,
428 2793 470 2856 23
494 2793 522 2873 l,
554 2792 638 2871 quod
669 2792 768 2881 fuerit
791 2793 841 2858 ius
872 2793 988 2857 marito
1013 2811 1138 2857 necare.
1184 2793 1217 2856 X
1240 2795 1291 2874 23,
1316 2793 1351 2858 4;

169 2903 220 2967 ins
243 2901 343 2966 fnisse
370 2899 498 2964 maritis
522 2919 646 2966 necare.
692 2901 751 2982 XI,
780 2912 804 2984 1,
829 2904 861 2966 3:
886 2903 1020 2966 multam
1045 2901 1151 2965 dicere
1175 2902 1194 2966 i.
1215 2919 1277 2964 non
1300 2906 1351 2964 est

170 3009 259 3089 XIV,
285 3009 313 3090 1,
337 3009 366 3070 4.
391 3007 410 3070 i.
435 3007 535 3071 fuisse
559 3006 666 3070 faeere
691 3011 823 3071 senatus
848 3007 1028 3072 consultum
1051 3008 1139 3088 XIV,
1165 3009 1199 3089 1,
1223 3010 1258 3071 e:
1284 3007 1379 3085 qui,

169 3117 230 3179 bus
255 3115 368 3179 diebus
391 3114 512 3178 habere
537 3119 684 3177 senatum
708 3113 728 3179 i.
752 3133 814 3178 non
848 3113 899 3178 sit.
947 3115 1163 3180 decusativns
1191 3135 1215 3178 e.
1248 3113 1351 3177 infini-

169 3223 239 3287 tivo
264 3221 409 3300 sequitur
432 3221 503 3302 XV,
529 3221 579 3300 21,
604 3222 625 3283 4
648 3220 844 3300 respondens
868 3221 1085 3303 praecedenti,
1110 3221 1163 3299 qui
1187 3221 1307 3300 pendet
1331 3240 1351 3283 a

170 3331 269 3395 verbo
294 3329 448 3413 ,oportett

277 3472 353 3516 mos.
377 3452 402 3534 I,
426 3451 478 3530 23,
502 3452 535 3514 4;
559 3470 599 3516 m.
624 3451 826 3516 senatoribus
850 3452 912 3517 fnit
936 3451 1078 3517 introire.
1116 3452 1186 3537 III,
1214 3453 1349 3516 4lbar-

171 3562 245 3624 bam
269 3566 302 3624 et
327 3577 427 3640 genas
450 3557 565 3622 radere
593 3577 632 3621 m.
656 3559 782 3638 patrius
813 3559 884 3623 ruia.
931 3560 986 3641 IV,
1011 3561 1045 3641 o,
1070 3560 1089 3622 8
1114 3559 1279 3623 Immolare
1309 3578 1349 3621 m.

171 3666 234 3731 fuit
257 3665 380 3746 XVIII,
408 3667 446 3729 12
470 3664 494 3728 I:
519 3683 638 3729 morem
661 3665 827 3731 veteribus
851 3665 949 3730 fuisse
973 3672 1106 3730 mutare.

278 3791 378 3857 otium
402 3790 495 3872 XIII,
520 3792 548 3871 2,
577 3800 606 3854 1;
632 3810 658 3853 o.
682 3800 716 3854 et
739 3791 879 3855 studium
903 3790 966 3855 fuit
993 3811 1157 3871 quaerere.

278 3915 445 3980 eonsilium
468 3915 526 3996 III,
554 3916 601 3994 10,
630 3915 684 3980 15:
707 3916 789 3993 mori
813 3936 838 3981 e.
863 3921 921 3980 est.
945 3916 983 3996 V3
1012 3918 1059 3998 14,
1086 3918 1123 3981 11
1150 3915 1351 3980 111111111-

157 4019 238 4087 'tem
276 4041 430 4101 quaerere
468 4028 595 4102 tempus
632 4023 734 4103 praef.
778 4023 829 4088 14:
868 4027 995 4102 tempus
1034 4024 1248 4104 voluptasque
1288 4024 1350 4088 erit

173 4147 373 4211 cognoscere.

279 4254 426 4321 Insolens
450 4252 630 4320 accusativi
655 4273 679 4319 o.
704 4254 760 4318 inf.
784 4254 889 4319 forma
912 4261 962 4320 est
991 4275 1045 4336 ea,
1078 4275 1141 4336 qua
1172 4257 1349 4321 subiectum

174 4380 244 4427 oum
268 4361 324 4443 ,de'
348 4361 591 4442 praepositione
614 4363 717 4441 primo
742 4363 812 4426 loeo
836 4362 977 4443 positum
1000 4383 1059 4446 per
1081 4362 1280 4444 pronominis
1305 4362 1349 4444 ,is'
