3036 4912
342 1270 405 1392 De
439 1314 487 1379 A:
509 1309 609 1378 Gellii
645 1328 791 1378 sermone
824 1313 995 1392 postquam
1028 1307 1147 1376 abhinc
1182 1311 1302 1396 viginti
1338 1311 1406 1376 iere

236 1441 338 1488 annos
361 1419 549 1484 Theodorus
572 1417 678 1500 Vogel
701 1423 852 1492 accurate
877 1417 1068 1499 conscripsit
1091 1417 1249 1500 libellum,
1279 1417 1333 1497 qui
1357 1423 1407 1482 est

235 1530 274 1594 de
291 1527 521 1594 vocabulorum
538 1526 638 1606 copia,
656 1544 717 1604 quo
734 1543 775 1589 ex
791 1529 935 1606 tempore
951 1544 1043 1590 nemo
1056 1525 1140 1590 hanc
1152 1535 1220 1590 rem
1233 1544 1407 1608 aggressus

236 1642 295 1716 est,
321 1654 439 1718 operae
464 1654 534 1700 esse
557 1631 698 1714 pretium
722 1633 908 1699 existimavi
931 1652 1050 1698 novam
1074 1633 1296 1712 quaestionem
1317 1633 1407 1698 insti·
1503 1713 1504 1718 ἵ

166 1739 169 1746 ’
235 1749 337 1808 tuere.
393 1741 501 1821 Atque
530 1740 579 1804 illi
609 1759 679 1805 cum
706 1740 864 1821 imprimis
893 1745 979 1806 esset
1006 1740 1207 1820 propositum
1236 1759 1274 1804 ea
1302 1739 1408 1804 omnia

235 1850 408 1931 vocabula,
441 1867 524 1928 quae
557 1851 615 1912 aut
644 1847 747 1928 ipsius
781 1847 950 1929 scriptoris
983 1847 1115 1928 propria
1143 1851 1201 1912 aut
1219 1847 1408 1911 'eommunia

235 1963 344 2024 essent
376 1975 447 2021 cnm
475 1956 709 2036 posterioribus
740 1961 798 2020 aut
829 1975 900 2020 cum
930 1953 1163 2034 antiquissimis
1195 1954 1408 2036 scriptoribus

235 2085 294 2146 per
319 2063 449 2146 singula
472 2081 594 2144 genera
617 2062 777 2143 disposita
800 2075 978 2146 recensere,
1006 2061 1153 2142 equidem
1185 2062 1219 2126 id
1249 2062 1408 2142 contendi,
1503 2067 1504 2074 ’

236 2177 272 2238 ut
296 2191 360 2238 non
384 2177 452 2236 tam
476 2189 559 2250 quae
583 2171 624 2235 ad
640 2169 870 2236 vocabulorum
886 2171 1089 2251 scripturam,
1114 2169 1293 2250 flexionem,
1317 2189 1409 2234 usum
1503 2211 1504 2218 κ

236 2283 386 2360 spectant
419 2297 514 2358 quam
543 2281 719 2359 syntaxeos
747 2283 781 2342 et
812 2277 1004 2342 elocutionis
1032 2278 1265 2359 proprietates,
1294 2277 1409 2356 quibus

236 2396 293 2452 aut
324 2385 566 2466 antiquissimos
598 2385 747 2451 imitatus
781 2390 838 2451 aut
872 2391 1049 2468 argenteae
1084 2386 1205 2450 aetatis
1233 2385 1410 2470 scriptores

234 2499 268 2559 et
291 2499 406 2575 poetas
429 2499 559 2558 secutus
584 2511 654 2558 esse
678 2496 736 2558 aut
759 2493 828 2574 ipse
851 2512 990 2559 novasse
1007 2492 1229 2575 intellegatur,
1253 2493 1287 2558 in
1303 2493 1406 2558 lucem

233 2600 380 2681 proferre
405 2601 577 2680 studerem,
601 2600 636 2664 id
658 2600 861 2681 potissimum
884 2579 1005 2679 dolens,
1035 2599 1120 2678 quod
1143 2619 1201 2680 per
1228 2605 1407 2680 temporum

235 2709 405 2790 angustias
429 2727 498 2772 rem
521 2727 585 2773 non
609 2709 789 2790 absolvere,
813 2709 871 2774 sed
893 2707 1047 2773 incohare
1070 2707 1164 2772 modo
1188 2707 1269 2772 mihi
1291 2707 1393 2772 licuit.

341 2816 390 2896 Ac
421 2815 559 2896 primum
593 2815 721 2894 quidem
761 2835 831 2880 cum
862 2815 1019 2898 Vogelius
1057 2815 1221 2880 nominum
1259 2817 1408 2882 substan-

235 2923 386 3003 tivorum,
412 2922 655 3003 adiectivorum,
679 2923 862 3004 verborum,
886 2922 1112 2988 adverbiorum
1136 2923 1275 2988 indicem
1303 2922 1408 2988 confe-

214 3024 324 3111 cerit,
347 3048 451 3094 meum
468 3049 539 3095 esse
554 3029 696 3095 iudicavi
712 3029 781 3094 eius
805 3048 935 3110 operam
959 3029 1108 3109 supplere
1131 3029 1180 3094 ita
1209 3035 1246 3094 ut
1270 3030 1309 3094 de
1333 3029 1405 3093 reli-

237 3155 298 3216 quo
328 3136 501 3200 verborum
532 3154 660 3218 genere,
687 3136 917 3216 pronominum,
946 3135 1231 3218 praepositionum,
1261 3137 1409 3202 interiec-

234 3223 358 3309 tionum
382 3262 472 3332 quae¹
488 3243 709 3308 memorabilia
731 3243 810 3307 mihi
834 3243 1026 3308 viderentur
1042 3262 1081 3306 ea
1096 3243 1150 3307 hio
1175 3262 1409 3326 componerem

236 3355 305 3413 tum
327 3369 432 3430 pauca
456 3355 559 3431 erant,
584 3369 666 3429 quae
690 3351 732 3415 ad
755 3351 984 3416 vocabulorum
1009 3369 1130 3432 genera
1157 3352 1198 3416 ab
1231 3351 1300 3432 ipso
1325 3357 1409 3416 trac-

235 3460 308 3520 tata
331 3477 387 3521 cnr
413 3477 477 3523 non
501 3457 652 3523 adderem
676 3477 807 3522 causam
830 3478 892 3522 non
918 3477 988 3523 esse
1013 3457 1136 3538 putavi.

342 3565 461 3630 Restat
492 3572 529 3630 ut
561 3566 705 3630 dicamus
734 3565 819 3630 omni
855 3566 889 3630 in
925 3584 960 3630 re
990 3564 1203 3630 Hertnianam
1235 3566 1409 3630 editionem

236 3691 294 3738 uos
318 3693 389 3738 esse
414 3680 548 3752 secutos
582 3694 676 3752 quam
701 3679 736 3738 ut
753 3672 882 3754 optimis
898 3673 992 3738 libris
1015 3673 1245 3754 manuscriptis
1267 3675 1409 3739 excussis

235 3780 346 3844 nixam
370 3781 430 3845 hoc
455 3784 599 3860 tempore
623 3783 724 3845 solam
741 3801 819 3861 esso,
845 3781 885 3845 ad
904 3799 998 3860 quam
1016 3782 1087 3860 quis
1104 3801 1174 3846 sese
1192 3782 1409 3845 accommodet

235 3905 327 3951 nemo
353 3888 416 3951 erit
445 3887 498 3966 qui
527 3893 636 3968 neget.
681 3887 797 3965 Atque
827 3906 863 3951 eo
892 3887 997 3970 magis
1026 3887 1085 3952 illa
1113 3893 1268 3966 tanquam
1297 3908 1409 3952 norma

236 3998 269 4056 et
297 3995 351 4058 lex
374 3994 488 4058 haberi
513 3994 625 4075 debet,
650 3993 734 4072 quod
765 3994 879 4058 critico
909 3994 963 4073 qui
993 4000 1131 4060 vocatur
1160 4000 1335 4076 apparatu,
1369 4015 1409 4059 ex

237 4118 297 4178 quo
328 4101 404 4179 quid
434 4100 586 4165 lectionis
618 4099 752 4179 quisque
781 4100 882 4164 codex
914 4101 1083 4183 exhibeat,
1114 4101 1218 4182 possit
1251 4101 1409 4184 intellegi,

199 4225 202 4229 '
236 4225 336 4284 usque
360 4207 465 4272 adhuc
489 4227 641 4272 caremus.
688 4207 804 4286 ltaque
829 4227 909 4287 quas
939 4207 1095 4272 lectiones
1125 4209 1336 4273 Gronoviana
1369 4212 1409 4273 ab

236 4313 427 4378 Hertzianis
459 4315 680 4396 discrepantes
712 4317 883 4398 praebeat,
923 4333 978 4380 eas
1007 4315 1127 4380 nullius
1156 4317 1309 4380 momenti
1340 4336 1410 4381 esse

238 4420 305 4484 rati
328 4419 396 4485 illis
419 4427 613 4500 postponere
637 4441 701 4485 non
726 4421 955 4486 dubitavimus.

1248 4514 1260 4565 1
1270 4511 1283 4542 *
