3036 4912
666 263 887 326 *22-

292 438 425 520 ,Inlaus’
454 441 617 521 proprium
647 460 775 506 sensum
807 443 907 508 habet
937 442 975 523 V,
1008 445 1042 526 0,
1076 446 1093 509 1
1128 477 1169 498 ---
1211 445 1265 524 qui
1300 444 1365 510 fari

185 565 249 612 non
273 549 389 628 potest.
528 549 530 558 '

291 655 462 735 ,Potestas’
494 655 690 738 significans,
722 657 926 740 Bedeutung,
958 657 1045 722 Sinn'
1070 661 1179 724 exstat
1202 658 1227 739 I,
1252 659 1286 740 3,
1310 658 1362 723 24.

184 765 218 825 01
241 762 281 843 Χ,
307 763 357 843 29,
385 764 411 826 1.

291 869 547 951 ,Longinquitas
579 889 661 934 uuus
696 869 823 934 Gellius
854 871 883 952 I,
922 874 952 950 1,
989 872 1009 934 3
1045 872 1087 936 ad
1124 871 1262 937 hominis
1297 891 1365 938 cor-

184 995 244 1056 pus
268 975 387 1040 refert..

291 1084 434 1148 Verbum
458 1086 653 1165 ,tempestas
677 1085 818 1168 adtungo
843 1103 940 1152 sensu
963 1087 1052 1152 vocis
1077 1088 1221 1170 ,tempus’
1238 1085 1364 1167 praedi-

184 1195 261 1271 tum,
286 1210 350 1255 non
374 1191 457 1269 quod
487 1191 614 1256 omnino
645 1192 832 1275 fugiendum
861 1195 896 1260 id
924 1213 994 1258 esse
1018 1193 1214 1274 existimem,
1246 1193 1364 1274 quippe

151 1339 153 1348 ι
186 1299 270 1378 quod
299 1317 408 1363 omnes
439 1298 508 1362 fere
536 1319 643 1365 rerum
672 1301 847 1381 scriptores
878 1302 954 1366 iude
986 1321 1006 1366 a
1034 1301 1143 1366 Caelio
1176 1300 1220 1388 (v.
1252 1301 1363 1366 Cicero

186 1407 226 1470 de
243 1411 316 1470 orat
341 1408 360 1471 3
378 1405 397 1492 ξ
417 1405 619 1490 1531100000
644 1408 686 1472 ad
708 1408 914 1472 Ammianum
937 1409 1066 1473 minime
1089 1409 1364 1489 improbaverunt

185 1513 243 1577 sed
267 1533 287 1578 a
309 1512 454 1578 Gelliam
478 1514 634 1579 sermonis
659 1535 790 1598 genere,
823 1535 886 1594 qua
911 1519 961 1580 est
985 1515 1212 1597 simplicitate,
1242 1514 1364 1594 aliquid

147 1611 149 1618 ’
184 1621 334 1714 recedere
359 1625 392 1685 et
414 1621 554 1687 alienum
578 1641 649 1688 esse
672 1627 773 1687 ratus.
819 1623 869 1687 Ac
890 1623 1064 1704 reperitur:
1088 1624 1148 1705 III,
1175 1625 1225 1704 15,
1246 1624 1275 1687 4.
1291 1623 1364 1706 XV,

187 1730 236 1809 11,
260 1730 289 1792 5.
306 1727 412 1809 XVII,
437 1730 488 1808 21,
507 1731 557 1794 17.
582 1731 633 1810 21,
658 1731 710 1793 20.
734 1732 786 1810 21,
810 1731 862 1796 38.
886 1729 960 1811 XX,
987 1733 1014 1810 1,
1039 1731 1090 1796 31.
1115 1731 1144 1812 5,
1170 1733 1202 1811 73
1226 1729 1363 1810 pluralis

184 1853 347 1899 numerus:
373 1834 445 1916 VII,
472 1839 522 1918 17,
547 1837 576 1900 2.
592 1835 700 1911 XVII,
725 1837 754 1918 3,
778 1839 804 1900 1.
822 1839 873 1917 21,
892 1837 1365 1918 1521,36110010000001-

184 1961 259 2006 vam
283 1942 383 2006 habet
406 1941 570 2006 notionem
593 1943 682 2024 XIV,
709 1947 736 2024 1,
764 1943 811 2007 13.
837 1943 876 2008 cf.
900 1944 959 2025 IX,
986 1945 1036 2025 12,
1060 1945 1112 2010 20.

159 2137 160 2142 ¹
292 2049 364 2112 Non
387 2051 428 2112 ab
453 2049 574 2129 opumo
592 2069 737 2115 sermone
754 2051 941 2133 abhorrens
965 2050 1021 2116 sed
1038 2051 1144 2116 rarius
1161 2055 1211 2115 est
1227 2051 1363 2115 verbum

102 2181 105 2188 ·
185 2155 446 2238 ,consignificans
470 2156 601 2236 ‚etiam'3
626 2158 711 2237 apud
735 2159 819 2222 hunc
844 2163 954 2222 exstat
978 2158 1183 2224 coniunctum
1204 2177 1275 2222 cum
1291 2175 1363 2222 ver-

186 2262 747 2344 110110001011,1111111111,
768 2264 1044 2346 11110011,
1071 2267 1102 2346 1,
1126 2265 1155 2330 5.
1179 2264 1254 2346 XII,
1280 2267 1309 2346 2,
1336 2274 1362 2330 1.

184 2370 279 2452 XIII,
294 2369 342 2433 15.
360 2372 388 2433 6.
401 2369 476 2451 ΧΧ,
492 2378 519 2452 1,
535 2371 719 2436 lucarius
731 2370 820 2454 XIV,
837 2381 862 2453 1,
879 2373 926 2436 12.
939 2373 1029 2453 XVI,
1046 2373 1093 2452 18,
1106 2372 1135 2436 5.
1148 2371 1255 2436 XVII.
1269 2373 1298 2452 9,
1315 2372 1362 2436 18.

292 2481 325 2541 01
347 2477 417 2558 ipse
440 2477 515 2560 XX,
543 2487 569 2560 1,
593 2478 644 2541 35.

292 2588 325 2648 01
348 2603 433 2648 nunc
452 2585 510 2666 XI,
538 2595 564 2668 1,
588 2586 617 2649 6.

292 2693 369 2772 quin
393 2697 426 2758 01
448 2693 556 2776 XVII,
582 2695 632 2775 16,
657 2693 686 2756 4.
1258 2761 1260 2768 ,

291 2837 355 2882 non
378 2821 514 2899 temtum,
538 2857 581 2866 -
605 2818 662 2882 sed
686 2821 728 2899 et,
751 2818 776 2899 I,
805 2818 853 2900 15,
877 2820 907 2884 3.
932 2820 991 2900 IX,
1019 2821 1067 2900 12,
1091 2819 1142 2884 20.

291 2962 355 3007 uon
380 2942 483 3006 solum
506 2981 548 2988 -
573 2944 631 3008 sed
655 2947 688 3007 01
710 2943 752 3026 X,
776 2945 827 3008 23.
852 2947 881 3010 3.
906 2946 957 3024 26,
986 2944 1033 3009 10.

291 3069 470 3133 Ρ10010100
493 3068 531 3150 V,
557 3070 589 3150 8,
618 3077 673 3134 11:
696 3069 793 3152 XHI,
821 3071 877 3144 12,
903 3071 932 3136 8.

290 3194 342 3258 Ab
367 3192 511 3276 eleganti
535 3196 568 3257 et
591 3194 714 3258 urbano
740 3192 867 3258 dicendi
891 3214 1009 3278 genere
1030 3195 1169 3259 alienum
1186 3197 1245 3277 est,
1270 3193 1364 3276 ,olim'

186 3303 293 3367 (110010
317 3303 356 3366 de
379 3301 499 3367 tuturis
522 3302 634 3384 10500,
658 3301 693 3365 id
717 3302 801 3381 quod
824 3321 885 3366 uon
918 3303 1012 3367 modo
1043 3309 1160 3382 poetae
1184 3302 1241 3366 sed
1264 3301 1365 3366 etiam

186 3412 363 3492 argenteae
392 3407 513 3472 aetatis
542 3407 727 3488 scripturae,
758 3409 812 3473 vel
844 3408 913 3488 ipse
942 3409 1053 3494 Cicero
1084 3408 1118 3473 in
1147 3408 1295 3490 epistulis
1323 3407 1365 3473 ad

186 3515 333 3580 Atticum
364 3515 450 3578 datis
484 3515 647 3578 interdum
677 3515 889 3596 admiserunt,
922 3535 963 3579 ex
991 3514 1097 3580 Gellio
1129 3535 1226 3581 unum
1256 3519 1366 3596 potest

186 3622 291 3704 repeti
307 3622 487 3702 exemplum
501 3621 591 3700 XIV,
618 3623 645 3704 1,
663 3624 718 3703 20;
734 3623 875 3703 prospici
892 3622 1021 3702 quinam
1039 3623 1113 3687 olim
1130 3624 1232 3688 tuturi
1248 3625 1364 3688 essent.

294 3747 384 3830 ,uter'
408 3745 575 3810 indefinite
598 3752 792 3828 ursurpatur
814 3748 859 3828 ll,
884 3748 918 3828 4,
944 3749 976 3812 6:
1001 3767 1105 3828 neque
1128 3752 1204 3813 utra
1227 3748 1297 3816 sine
1321 3745 1365 3812 al·
1436 3729 1441 3740 ¹

187 3859 259 3920 1010
284 3859 434 3920 constare
456 3853 569 3934 possit.

294 3980 502 4044 Vetustatem
542 3979 608 4044 olet
643 3977 761 4060 ,aliqui’
801 3998 877 4045 usus
913 3979 1113 4045 substantivi
1148 3981 1208 4062 ΧΙ,
1246 3981 1296 4063 13,
1332 3979 1365 4044 5:

188 4085 288 4166 aliqui
311 4088 474 4152 vestrum'.

294 4211 403 4276 Rarus
427 4215 460 4276 et
485 4232 504 4276 a
528 4211 763 4277 recentioribus
786 4212 989 4293 potissimum
1013 4211 1151 4279 dilectus
1175 4217 1225 4278 est
1253 4233 1388 4285 sensus,

189 4319 247 4394 ,ob'
271 4319 524 4400 praepositionis
548 4319 586 4404 is,
611 4339 672 4401 quo
697 4320 892 4401 exprimitur
915 4320 1000 4385 ratio
1026 4325 1059 4384 et
1083 4319 1258 4402 consilium,
1283 4321 1368 4398 quod

189 4445 248 4492 uos
272 4427 420 4509 germani
444 4427 587 4511 (11010100,
611 4446 683 4492 zum
705 4427 833 4510 Zweck,
857 4427 891 4492 in
916 4427 1147 4508 (1011101011,
1171 4425 1224 4492 sic.
1248 4425 1307 4510 Ill,
1336 4426 1366 4497 3,
