3036 4912
610 157 856 287 ζ--30·-

562 399 621 468 ΙΠ.
645 401 698 467 de
721 399 928 468 ablativo.

267 559 353 628 Usus
377 564 435 628 est.
459 559 486 644 Ι,
512 562 562 643 14,
587 564 620 627 2;
645 581 709 643 qua
731 561 814 627 nihil
838 561 901 627 sibi
925 566 1011 628 esset
1034 582 1127 644 usus3
1150 561 1194 647 II,
1225 562 1276 647 15,
1306 563 1349 628 3:

110 751 113 756 Ι
160 668 313 752 praemiis
336 673 435 749 atque
457 668 682 735 invitamentis
704 688 782 735 usus
806 669 882 750 luit,
906 688 988 749 quae
1012 675 1177 736 structura
1205 671 1351 736 comicis

159 777 299 843 maxime
321 775 386 842 iuit
409 778 628 859 comprobata.

267 883 387 967 ,usitor’
412 875 593 948 ablativum
616 883 740 964 recepit
757 883 860 948 solum
876 884 963 964 apud
979 883 1134 949 Gellium:
1157 885 1198 966 X,
1225 885 1275 967 10,
1308 888 1348 950 1:

161 990 267 1057 anulis
291 991 432 1057 usitatos
456 992 507 1072 21,
532 991 565 1054 2:
590 1008 661 1055 cum
684 991 765 1055 Cato
790 993 823 1055 et
846 990 1021 1056 Sallustius
1044 992 1145 1056 verbo
1176 991 1240 1057 isto
1272 991 1349 1056 usi-

160 1097 226 1165 tati
249 1099 316 1164 sint
339 1097 444 1164 XVII.
471 1099 497 1180 l,
522 1099 559 1178 93
589 1097 723 1163 tametsi
754 1089 955 1177 antiquiores
985 1099 1084 1164 verbo
1116 1099 1186 1180 ipso
1211 1149 1218 1164 .
1242 1149 1250 1166 .
1272 1099 1348 1166 usi-

159 1207 225 1273 tati
248 1211 333 1273 sunt.
980 1259 982 1266 .

184 1363 191 1384 „
267 1313 416 1398 ,indigeo'
440 1313 540 1378 verbo
565 1313 650 1394 apud
673 1314 758 1378 hunc
782 1311 972 1394 scriptorem
1000 1330 1125 1394 semper
1154 1313 1345 1379 ablativum

161 1423 341 1490 subiectum
363 1419 501 1502 repperi.
546 1421 595 1486 Ao
618 1420 754 1502 legibur:
778 1421 803 1484 I.
830 1421 879 1502 11,
906 1423 955 1487 14.
976 1420 1034 1503 ΙΧ,
1060 1421 1078 1484 8
1103 1421 1115 1484 l
1140 1424 1190 1501 12,
1214 1423 1243 1488 8.
1259 1422 1342 1502 XII,

163 1529 213 1613 15,
237 1531 267 1596 2.
290 1527 379 1620 XIV.
404 1529 433 1610 2,
460 1529 509 1592 13.
533 1528 639 1610 XVII,
664 1527 693 1610 8,
718 1529 746 1592 8.
770 1529 862 1611 XIX,
888 1529 916 1610 8,
945 1530 991 1594 12.
1014 1529 1088 1610 ΧΧ,
1115 1531 1142 1611 1,
1166 1530 1219 1594 41.

266 1636 380 1702 madeo
405 1635 586 1700 ablativum
609 1635 734 1715 recepit
757 1636 849 1718 XIII,
874 1637 903 1718 8,
927 1636 956 1702 5.

266 1742 450 1826 Singularis
474 1746 524 1808 est
547 1761 623 1808 usus
648 1742 787 1808 ablativi
811 1743 1045 1825 praepositioni
1069 1745 1145 1826 ,sub'
1170 1762 1241 1809 cum
1270 1763 1342 1810 mo-

160 1852 259 1920 vendi
280 1830 384 1917 verbo
405 1850 595 1916 coniunctae
619 1849 740 1932 additi3
764 1851 870 1932 XVII,
895 1852 915 1914 2
940 1903 946 1932 ,
971 1853 1029 1916 36;
1054 1854 1112 1916 sub
1129 1853 1205 1935 iugo
1230 1853 1340 1934 missi,

161 1961 189 2026 si
215 1959 348 2041 >quidem
380 1957 434 2024 hic
464 1959 554 2024 locus
585 1959 770 2038 corruptela
800 1963 911 2040 vacat3
935 1958 1120 2026 Gronovius
1152 1957 1236 2024 enim
1267 1961 1338 2044 ,sub

160 2067 279 2151 iugnm’
304 2065 381 2132 edit.

265 2173 441 2238 Ablativus
465 2174 505 2238 ab
524 2172 660 2252 ‚abhinc’
676 2172 819 2253 pendens
836 2172 879 2237 ad
895 2172 1101 2253 antiquorum
1117 2174 1337 2240 imitationem

160 2280 348 2348 referendus
371 2283 422 2344 est
445 2297 475 2344 v.
499 2279 603 2345 Hertz
626 2279 714 2344 vind.
738 2279 777 2345 G.
802 2282 926 2345 alterae
949 2299 969 2362 p
995 2283 1050 2362 313
1074 2281 1099 2346 I.
1129 2284 1179 2359 10,
1208 2285 1241 2346 2;
1270 2301 1339 2348 ser-

160 2407 254 2456 mone
270 2387 388 2452 abhinc
404 2386 514 2452 multis
531 2387 625 2452 annis
649 2387 713 2452 iam
735 2388 838 2453 desito
863 2388 973 2454 uteris.
986 2387 1079 2470 XIV,
1105 2391 1132 2472 1,
1156 2391 1212 2455 2οε
1229 2395 1338 2456 cente-

160 2495 240 2562 simo
264 2513 364 2574 usque
388 2492 507 2558 abhinc
527 2491 664 2558 saeculo’
681 2493 736 2558 ubi
752 2513 867 2560 nomen
884 2494 1146 2589 ordinaleuotes.
1192 2497 1336 2562 Verbum

113 2585 117 2592 ⁵
160 2601 306 2684 ,interest
329 2619 359 2666 v.
383 2619 490 2682 supra.

563 2777 619 2844 IV.
644 2779 690 2844 de
715 2779 930 2862 genetivo.

268 2920 418 3004 ,Scatere’
450 2919 600 2985 adiunxit
631 2921 693 2985 sibi
725 2921 912 3003 genetivum
942 2922 968 3004 I,
1001 2923 1051 3006 11,
1085 2925 1116 2987 1:
1148 2923 1269 2990 irarum
1300 2929 1334 2990 et

160 3029 384 3095 molestiarum
398 3029 567 3110 scatebat,
591 3047 685 3108 quam
702 3026 837 3093 eandem
853 3033 1050 3094 structuram
1065 3031 1201 3112 praebet
1217 3033 1334 3097 Lucre-

159 3137 226 3202 tius
254 3137 283 3202 5.
315 3138 371 3202 4οε
402 3139 493 3200 terra
523 3135 663 3200 ferarum
697 3136 803 3200 scatit.
850 3137 983 3202 Duobus
1014 3137 1088 3202 aliis
1118 3139 1198 3203 locis
1230 3139 1334 3205 eidem

160 3243 260 3308 verbo
285 3242 449 3308 ablativus
473 3241 691 3324 subiungitur:
715 3243 740 3323 Ι,
767 3244 816 3324 15,
842 3245 874 3308 2;
899 3249 1026 3308 scatere
1049 3245 1158 3309 verbis
1174 3246 1279 3326 XVII,
1305 3248 1333 3329 8,

132 3331 195 3414 Δ4ε
232 3349 373 3431 argutiis
397 3354 534 3414 scatens.
580 3349 677 3431 Apud
701 3347 836 3414 eundem
858 3351 948 3432 XIV,
983 3355 1012 3434 0,
1049 3354 1064 3415 1
1103 3357 1334 3438 ,praescatere’,

161 3457 246 3537 quod
269 3458 402 3522 verbum
427 3456 507 3522 alibi
535 3475 599 3522 non
630 3457 804 3537 reperitur,
836 3457 953 3538 recipit
985 3459 1184 3540 genetivum:
1215 3461 1333 3526 librum

161 3564 329 3629 doctrinae
353 3564 542 3646 omnigenus
565 3569 833 3645 praesentantem.
1137 3582 1138 3585 ’

265 3705 401 3790 ,Capitis
425 3706 577 3786 perdere’.
624 3707 717 3772 Hauc
741 3707 919 3788 formulam,
944 3727 1026 3788 quae
1050 3715 1160 3776 exstat
1183 3711 1208 3792 I,
1237 3712 1266 3794 3,
1297 3712 1331 3775 4:

160 3816 226 3896 ,aut
249 3813 370 3878 amicus
393 3814 496 3896 igitur
519 3815 637 3896 capitis
662 3816 844 3896 perdendus
861 3816 942 3898 fuit’,
966 3837 1006 3882 ex
1021 3818 1148 3898 Plauto,
1172 3819 1228 3883 ubi
1242 3838 1332 3901 repe-

159 3920 244 3985 ritur
266 3921 357 3985 Asin.
382 3923 445 3984 132
469 3921 587 3986 Bacch.
612 3923 686 3986 400.
703 3922 771 3986 Mil.
795 3923 868 3986 371.
893 3929 1053 4004 sumptam
1070 3943 1140 3990 esse
1155 3925 1331 3992 verisimile

160 4031 219 4092 est.
265 4026 423 4092 Similiter
446 4028 505 4110 XI,
531 4029 580 4110 18,
605 4030 624 4093 8
648 4027 738 4109 ,furti
762 4029 927 4094 manilesti
950 4032 1093 4108 prensus’
1110 4031 1246 4112 antiqua
1262 4053 1331 4098 esse

158 4133 322 4199 iudicialis
346 4135 501 4200 sermonis
525 4135 655 4200 videtur
679 4135 828 4217 formula,
853 4136 881 4200 si
911 4155 988 4200 vere
1016 4136 1116 4218 ipsius
1140 4139 1240 4204 Gellii
1272 4145 1330 4222 est,

158 4259 222 4305 non
247 4260 287 4305 ex
310 4241 376 4305 Xll
399 4243 583 4306 tabularum
607 4241 734 4324 legibus
758 4241 958 4322 deprompta.

266 4347 389 4431 ,Potiri
413 4349 512 4412 habet
536 4348 724 4430 genetivum
755 4348 928 4414 secundum
958 4349 1114 4416 rariorem
1144 4356 1236 4418 usum
1258 4353 1330 4437 Vll,
