3036 4912
660 293 879 358 ...69-

313 469 442 551 ,Omnes
464 487 537 536 cum
560 469 633 536 uno’
656 469 716 552 111,
741 471 770 552 7,
795 471 846 554 16,
866 469 897 536 si
927 489 992 536 non
1023 470 1124 553 ipsius
1148 469 1282 538 01111111
1305 473 1381 538 sunt

207 577 321 658 verba,
351 597 489 658 namque
512 576 639 644 Gellius
661 577 751 660 XVI,
778 579 828 662 11,
852 579 882 645 8.
903 597 1104 645 communem
1132 598 1224 644 usum
1251 582 1381 646 secutus
1516 561 1517 648 ?

207 683 339 766 scripsit
361 685 413 767 ,ad
435 704 533 750 unum
555 685 684 751 omnes'.

314 809 459 876 ’Animus
491 809 717 892 compavescit'
741 810 767 890 Ι,
792 811 834 875 23
859 863 865 892 ,
890 813 920 891 9,
945 810 999 876 ubi
1023 811 1139 894 ,animo
1163 831 1188 877 1.
1213 816 1382 894 exspectes

209 936 310 998 eoque
334 917 440 1012 magis
461 918 549 998 quod
572 917 658 999 apud
681 917 881 984 Macrobium
904 914 1040 984 eandem
1063 917 1208 985 tabidam
1230 924 1284 984 sat
1306 919 1333 1004 I,
1351 921 1382 1003 6,

210 1026 253 1091 22
277 1029 484 1090 enarrantem
507 1024 670 1108 reperitur
698 1024 831 1106 animo’;
858 1024 917 1091 sed
948 1043 1019 1090 oum
1041 1025 1177 1091 Hertzio
1207 1025 1289 1091 illud
1319 1045 1384 1091 ser·
1516 1035 1517 1042 ’

209 1137 320 1198 vatum
343 1133 450 1216 velim,
475 1133 560 1213 quod
583 1133 621 1214 V,
648 1134 698 1216 14,
720 1119 766 1199 20
787 1133 941 1200 similiter
963 1133 1107 1216 scripsit:
1135 1133 1288 1200 territum
1319 1132 1385 1200 sibi

209 1244 243 1306 et
265 1240 474 1322 pavefactum
497 1239 639 1305 animum
663 1240 756 1308 dixit.

315 1365 501 1432 Priscorum
517 1365 544 1431 si
560 1383 625 1431 non
648 1365 749 1447 ipsius
765 1365 878 1431 Plauti
894 1365 1110 1433 imitationem
1125 1384 1205 1448 prae
1221 1385 1256 1432 se
1272 1365 1383 1431 ferunt

208 1472 400 1539 locutiones:
416 1471 556 1552 aliquem
578 1472 651 1537 vita
673 1471 858 1540 interficere
880 1473 958 1554 XII,
982 1475 1012 1556 7,
1035 1476 1057 1540 2
1080 1473 1123 1541 id.
1168 1475 1268 1540 Plaut
1290 1473 1383 1540 Touo.

209 1581 252 1662 Π,
285 1583 314 1663 6,
337 1581 377 1646 37
412 1582 458 1645 et:
489 1579 706 1661 intervertere
738 1579 878 1659 aliquem
908 1599 957 1646 re:
981 1581 1039 1664 XI,
1065 1582 1115 1664 18,
1141 1582 1182 1646 13
1212 1584 1384 1662 praeterea

209 1689 327 1756 sistere
344 1719 385 1742 -—-
402 1687 538 1753 reddere
553 1686 678 1768 XVIII,
697 1687 748 1771 10,
773 1689 809 1752 7:
832 1685 932 1754 sistas
947 1688 1033 1754 hunc
1048 1688 1142 1758 nobis
1158 1707 1271 1754 sonum
1284 1692 1384 1769 atque

210 1795 363 1864 validum.

317 1921 397 1988 Vicc
420 1919 558 1987 ablativi
589 1919 729 1986 absoluti
758 1921 845 1986 sicut
875 1941 951 1986 raro
974 1921 1007 1986 in
1038 1921 1144 2003 prisco
1167 1939 1313 1987 sermone
1336 1921 1386 2002 ita

213 2029 298 2112 apud
322 2027 462 2096 Gellium
487 2029 585 2096 semel
609 2027 757 2112 fungitur
779 2027 904 2111 XVHI,
930 2029 981 2111 10,
1006 2031 1025 2094 7
1052 2027 1251 2112 praepositio
1279 2029 1385 2112 ,cum'z

213 2157 284 2203 cum
307 2135 369 2202 diis
393 2136 587 2204 volentibus.
632 2135 782 2218 Draeger
804 2135 848 2218 Π,
873 2135 891 2222 ξ
916 2135 990 2201 519.

318 2262 466 2345 ,Causam
488 2262 606 2328 facere’
629 2281 687 2343 pro
711 2279 850 2346 ,oausam
876 2263 955 2329 esse*
978 2280 1075 2329 unum
1098 2261 1163 2342 legi
1186 2261 1272 2343 apud
1287 2261 1385 2343 hunc,

212 2369 255 2452 ΙΙ,
281 2371 331 2453 17,
356 2371 393 2452 6;
417 2367 556 2453 gemitus
580 2369 705 2450 fecere',
730 2370 815 2450 quod
839 2369 968 2452 saepius
984 2369 1145 2451 reperitur
1160 2388 1218 2452 pro
1234 2389 1273 2452 ,g.
1291 2369 1386 2451 dore’,

211 2477 297 2557 apud
321 2473 456 2542 eundem
478 2461 589 2542 exstat
611 2476 636 2558 I,
661 2479 712 2560 26,
738 2479 755 2541 7
781 2482 815 2543 et
836 2477 913 2561 XII,
937 2477 967 2560 5,
993 2478 1044 2543 11.

320 2603 372 2668 Ex
394 2606 563 2683 poetarum
586 2603 726 2670 lectione
742 2603 981 2698 videnturesse
1004 2603 1168 2684 profecta:
1191 2621 1226 2668 se
1241 2600 1386 2684 perferre

210 2728 269 2792 pro
300 2729 344 2792 ,se
375 2708 530 2776 conferre'
554 2709 646 2793 ,XII,
681 2719 707 2792 1,
735 2713 783 2776 13
799 2711 840 2777 id.
864 2711 987 2794 Vergil.
1010 2710 1082 2776 Aen
1105 2710 1135 2793 I,
1164 2710 1229 2774 389
1253 2712 1287 2774 et
1310 2709 1387 2792 ,gia-

209 2815 263 2884 ‹lio
286 2836 322 2883 11
345 2816 537 2900 transigere’
560 2817 668 2899 XVII,
695 2821 744 2901 16,
768 2817 798 2901 5,
823 2819 908 2898 quod
930 2822 1107 2902 argenteae
1124 2816 1245 2884 aetatis
1264 2815 1387 2898 prosai-
1516 2883 1517 2886 ,

210 2923 239 2990 11
259 2925 434 3006 scriptores
451 2923 630 3006 complures
646 2929 853 3008 receperunt;
868 2944 928 2991 neo
944 2944 1008 2990 uon
1024 2929 1194 3007 poetarum
1209 2921 1386 2990 imitationi

211 3033 362 3098 debetur:
385 3049 501 3099 navem
525 3033 698 3100 advertere
720 3032 810 3114 XVI,
835 3034 864 3116 6,
890 3041 906 3098 1
931 3051 1006 3116 pro;
1028 3052 1059 3098 n.
1082 3031 1264 3114 appellere!

321 3157 434 3241 ,Frugi
456 3159 569 3224 bonae’
593 3177 633 3224 ex
658 3157 821 3225 cotidiano
851 3177 998 3224 sermone
1022 3162 1220 3238 assumptum
1243 3155 1387 3240 videtur,

211 3267 297 3347 apud
320 3265 461 3332 Gellium
484 3270 549 3330 est:
573 3265 616 3348 Η,
639 3267 692 3348 23,
719 3266 775 3354 ll:
799 3284 913 3332 servus
936 3266 966 3330 b
990 3265 1034 3347 fr;
1062 3265 1148 3346 apud
1170 3263 1307 3330 'eundem
1329 3263 1386 3344 VI,

213 3381 262 3452 11,
291 3373 328 3436 2;
351 3371 427 3437 libri
444 3389 516 3438 mss.
540 3371 679 3438 habent:
702 3371 817 3456 ,frugis
840 3373 962 3453 bonae',
978 3389 1073 3451 quam
1088 3371 1275 3453 primariam
1291 3369 1386 3436 huius

210 3477 383 3544 locutionis
414 3483 568 3560 tanquam
598 3479 743 3562 genetivi
767 3477 904 3544 formam
926 3497 998 3544 esse
1013 3481 1101 3561 puto,
1123 3497 1315 3558 quamquam
1330 3477 1385 3542 da·

210 3586 315 3653 tivum
339 3605 366 3678 1
382 3585 555 3654 Xuehnero
580 3586 623 3670 ΙΙ,
655 3585 674 3674 ξ
700 3587 750 3668 11,
774 3587 796 3650 4
826 3589 860 3650 11
884 3585 1054 3652 Corssenio
1078 3585 1195 3668 Aussp.
1218 3585 1244 3668 I,
1267 3605 1297 3667 p.
1322 3585 1385 3650 129

210 3691 353 3776 nitelligi
376 3692 451 3776 scio,
479 3692 518 3760 of.
542 3691 724 3760 charisium
754 3692 788 3758 in
819 3696 990 3776 grammat.
1022 3691 1079 3759 lat.
1111 3693 1137 3776 I,
1173 3692 1222 3758 15.
1268 3692 1385 3772 itaque

212 3819 283 3866 cum
324 3801 405 3866 haec
446 3799 566 3866 locutio
605 3819 627 3866 1
667 3799 884 3867 substantivis
923 3798 1105 3865 nominibus
1153 3799 1310 3882 pendeat,
1352 3798 1386 3865 in

211 3907 308 3991 ,frugi
335 3907 449 3973 bonae'
477 3925 602 3988 quoque
633 3906 813 3990 genitivum
841 3909 960 3990 statuo,
991 3906 1046 3987 qui
1076 3905 1244 3972 sliteram
1268 3905 1386 3989 amisit,
1516 3895 1517 3900 ’

211 4032 369 4097 quaeres
392 4015 427 4080 in
457 4015 571 4098 lingua
600 4013 707 4080 latina
736 4013 842 4096 prisco
873 4017 1019 4094 tempore
1044 4013 1179 4078 minime
1209 4032 1286 4079 rara
1316 4013 1388 4104 luit,

210 4141 241 4188 v.
276 4122 456 4227 Buecheler
490 4121 667 4190 Gmmdriss
710 4122 739 4188 d.
778 4122 837 4188 111.
880 4121 969 4187 Deol.
1012 4141 1042 4204 p.
1085 4121 1127 4186 59
1170 4121 1278 4208 sq.‘§
1323 4120 1385 4214 118

211 4249 240 4296 u.
274 4230 346 4299 149.
386 4231 498 4312 Neque
535 4231 641 4297 minus
676 4229 824 4314 vulgaris
855 4248 932 4296 usus
960 4233 1024 4296 est:
1053 4228 1096 4294 ad
1118 4229 1236 4295 bonam
1258 4227 1387 4311 frugem

212 4337 329 4405 ducere
351 4337 446 4422 XIII,
471 4339 522 4423 28,
546 4341 575 4423 2,
599 4338 690 4406 cuius
705 4336 826 4405 similia
841 4336 989 4419 exempla
1004 4340 1137 4403 exstant
1152 4335 1238 4418 apud
1258 4339 1386 4402 veteres
1516 4393 1517 4440 ζ

211 4447 384 4530 complura.
423 4437 428 4448 '
