3036 4912
643 240 966 330 --ar-‚

138 425 201 512 17,
218 430 276 494 ·1:
303 427 506 514 Athenarum
536 426 662 508 potitus
689 426 749 510 IX,
780 427 810 496 3.
844 427 877 492 1:
907 424 1139 507 nationumque
1168 419 1343 492 multarum

136 535 262 616 potiri
292 537 474 617 coeperant.
1038 547 1040 554 ⁴

272 644 339 709 Pro
364 641 511 708 ablativo
536 641 708 724 genetivus
731 641 889 707 adhaeret
912 641 1012 707 verbo
1042 641 1174 723 ,notare’
1205 639 1262 723 IV,
1293 642 1344 724 12,
1434 628 1438 642 ‘

141 751 183 832 2;
212 749 400 832 inpolitiae
422 751 608 815 notabatur.

276 858 458 940 ,Judicare’,
483 857 568 937 quod
589 856 711 938 primus
734 855 868 921 Tacitus
890 855 924 920 in
948 855 1119 921 annalibus
1138 842 1258 935 'quater
1274 875 1344 921 cum
1421 831 1425 851 ¹

119 970 125 984 '
143 966 323 1049 genetivo
340 965 522 1034 construxit
537 964 585 1030 rei
602 968 636 1029 et
652 964 839 1030 accusativo
855 964 1003 1047 hominis,
1033 963 1164 1046 passive
1184 964 1346 1046 reperitur

147 1075 253 1156 apud
280 1073 422 1140 Gellium
446 1073 520 1154 XX,
547 1075 574 1155 1,
598 1073 655 1136 42;
680 1071 819 1142 confessi
842 1072 946 1156 igitur
968 1072 1054 1148 aeris
1078 1091 1116 1138 ac
1140 1070 1242 1138 debiti
1265 1073 1345 1138 iudi-

147 1180 251 1246 catis
278 1181 419 1264 triginta
443 1179 512 1246 dies
536 1183 612 1244 sunt
636 1178 714 1245 dati.
741 1181 768 1262 1,
792 1181 849 1244 47:
878 1183 1082 1261 quantaeque
1112 1179 1269 1261 pecuniae
1300 1179 1346 1244 iu-

151 1287 272 1353 dicati
297 1293 413 1354 essent.

278 1395 370 1460 Unus
403 1393 488 1474 quod
519 1393 619 1458 sciam
651 1391 777 1458 Gellius
807 1394 908 1459 verbo
940 1391 1119 1476 ,frustrare’
1158 1393 1347 1478 genetivum

154 1502 262 1568 dedit
286 1503 324 1584 V,
350 1502 401 1583 io,
426 1503 480 1566 16:
506 1491 665 1582 captionis
689 1505 842 1566 versutae
866 1504 899 1566 et
931 1502 1139 1584 excogitatae
1169 1501 1347 1567 frustratus

155 1609 240 1676 fuit.
290 1609 343 1674 Ex
366 1607 539 1674 adjectivis
563 1607 751 1690 genetivum
771 1607 966 1674 habentibus
983 1606 1146 1674 afferenda
1162 1612 1239 1674 sunt
1253 1608 1347 1674 haec:

158 1717 291 1800 dignus
314 1716 388 1796 XX,
415 1717 442 1797 1,
458 1715 499 1784 8:
532 1715 691 1788 violentia
719 1715 819 1798 digna
848 1714 965 1797 capitis
996 1735 1129 1798 poenae.
1174 1715 1249 1782 Alio
1277 1699 1348 1782 loco

159 1825 242 1907 VII,
270 1824 321 1906 14,
345 1824 374 1887 4.
398 1823 454 1886 ubi
478 1826 541 1888 est:
566 1873 573 1905 ,
597 1841 661 1888 non
685 1840 763 1887 sane
787 1821 920 1906 dignum
936 1841 1008 1888 esse
1023 1823 1208 1906 imponendi
1224 1842 1349 1904 poenae

161 1933 315 1998 studium
331 1931 437 1997 visum
460 1931 528 2012 est',
551 1935 736 1994 rectecum
756 1929 892 1996 Hertzio
916 1929 995 1996 vind
1010 1929 1050 1998 G.
1074 1931 1123 1996 alt
1145 1951 1174 2012 p.
1197 1931 1240 1995 58
1256 1929 1349 1999 verbi

163 2039 292 2122 dignus
316 2039 466 2104 absolute
489 2036 640 2102 collocati
663 2055 740 2102 usus
763 2037 930 2103 statuitur.

279 2143 465 2225 infrequens
488 2144 581 2226 XIII,
606 2144 657 2226 25,
681 2145 715 2208 4:
739 2144 760 2210 i.
782 2163 898 2210 vocum
921 2145 1122 2211 Latinarum.

280 2252 456 2334 indiligens
479 2251 551 2333 XV,
575 2252 627 2334 28,
652 2254 685 2316 1:
709 2269 817 2316 rerum
840 2251 1101 2318 memoriaenon
1124 2253 1144 2317 i.
1232 2329 1235 2336 A

284 2361 399 2428 sollers
423 2359 528 2443 XVII,
554 2362 603 2439 16,
621 2362 654 2425 2;
670 2359 886 2426 remediorum
901 2361 936 2425 id
952 2379 1054 2444 genus
1070 2359 1235 2426 sollertem
1250 2357 1351 2425 fuisse

260 2467 465 2534 incuriosus
488 2469 560 2552 VH,
584 2468 614 2552 5,
641 2471 672 2533 1:
696 2487 804 2533 rerum
827 2468 1036 2549 antiquarum
1059 2487 1123 2532 non
1146 2467 1172 2550 i,
1207 2469 1256 2532 ita
1280 2486 1351 2532 cum

328 2576 525 2641 recentiores
549 2581 726 2658 argenteae
750 2575 872 2642 aetatis
895 2580 965 2640 tum
987 2574 1130 2640 Tacitus

285 2683 400 2748 doctus
422 2683 514 2766 XlII,
541 2685 590 2765 12,
617 2683 1049 2766 1:1egumatquemorum
1076 2681 1187 2764 populi
1214 2679 1355 2746 Romani

329 2791 472 2872 iurisque
503 2790 610 2857 civilis
642 2790 772 2855 doctum
803 2789 949 2877 apprime
980 2788 1090 2855 fuisse.
1125 2789 1218 2872 XIX,
1251 2791 1279 2872 7,
1320 2789 1352 2853 1;

331 2919 438 2964 rerum
461 2899 694 2977 literarumque
717 2901 865 2962 veterum
887 2897 1022 2978 inpense
1047 2896 1170 2962 doctus,

285 3005 433 3071 indoctus
449 3007 505 3087 VI,
523 3007 552 3089 3,
570 3007 588 3069 8
605 3024 713 3070 rerum
728 3004 960 3083 literarumque
984 3007 1137 3086 veterum
1151 3003 1171 3069 i.

285 3113 390 3179 sciens
413 3114 537 3194 XVIII,
562 3115 592 3194 5,
619 3114 672 3177 10:
697 3112 829 3194 linguae
852 3111 993 3176 Latinae
1017 3129 1058 3175 sc.

286 3223 408 3288 callens
430 3222 536 3303 XVII,
560 3221 590 3304 5,
614 3221 647 3285 3:
672 3219 840 3298 utriusque
862 3218 995 3300 linguae
1019 3237 1044 3282 c.

288 3331 403 3398 sitiens
426 3331 501 3412 XII,
525 3331 553 3409 2,
580 3329 621 3393 13
644 3325 801 3408 pecuniae
824 3325 998 3390 sitientem.

286 3438 415 3520 sapiens
438 3436 533 3522 XIII,
559 3435 592 3516 8,
616 3437 653 3500 2;
677 3456 702 3504 s.
725 3452 832 3499 rerum
855 3432 1075 3498 humanarum.

287 3547 379 3636 dives
402 3546 454 3625 IV,
482 3547 509 3628 1,
535 3547 569 3608 1:
594 3543 752 3624 quispiam
778 3540 1011 3624 grammaticae
1034 3539 1082 3604 rei
1106 3538 1213 3606 ditior.

285 3651 441 3734 prodigus
464 3651 523 3731 XI,
547 3650 577 3734 5,
600 3652 635 3714 4:
659 3648 770 3715 iudicii
793 3648 843 3714 sui
865 3667 912 3729 pr.

288 3761 419 3842 capiens
442 3759 498 3841 IV,
524 3762 552 3840 1,
578 3759 635 3822 12:
658 3757 796 3822 rationis
820 3759 854 3820 et
877 3755 1033 3821 scientiae
1057 3772 1082 3818 c.

287 3886 442 3948 respuens
465 3866 538 3948 VII,
564 3865 613 3947 15,
638 3867 658 3928 2
683 3863 957 3942 communiumque
981 3879 1095 3927 vocum
1118 3880 1143 3924 r.

288 3975 374 4040 altus
397 3975 453 4057 IV,
479 3975 530 4056 18,
555 3976 589 4039 l:
614 3992 641 4036 a.
666 3971 772 4037 animi.

229 4168 231 4173 .
288 4101 418 4148 securus
441 4083 480 4165 V,
503 4083 533 4164 2,
556 4083 592 4145 4:
617 4079 738 4144 domini
761 4079 826 4144 iam
849 4075 1034 4158 superstitis
1057 4095 1082 4142 a.

288 4209 402 4256 caecus
424 4190 499 4270 XII,
522 4190 572 4271 13,
596 4190 632 4252 4:
657 4207 682 4254 e.
706 4186 813 4269 animi,

289 4297 392 4362 dulcis
415 4297 504 4376 XVI,
529 4296 559 4378 3,
586 4297 617 4360 1;
642 4294 733 4359 fandi
757 4291 968 4358 dulcissimus

290 4403 496 4469 consolabilis
519 4402 609 4484 XVI,
627 4387 692 4484 19,
718 4402 772 4465 12;
798 4418 927 4464 carmen
951 4415 1044 4463 casus
1068 4395 1156 4460 illius
1180 4395 1229 4460 sui
1253 4413 1278 4460 c.
