3036 4912
688 247 909 328 ...ep-

321 429 409 506 Idem
434 403 568 510 eandem
592 445 789 507 structuram
813 441 1002 522 comprobat
1030 440 1190 525 11510015,
1222 428 1277 508 ubi
1306 441 1386 525 opti-

200 567 284 614 mus
315 549 448 628 quisque
481 549 702 614 accusativum
734 568 804 614 cum
835 548 1007 630 participio
1038 550 1185 632 protulit,
1217 550 1301 631 quod
1329 569 1387 616 nos
1433 561 1436 569 ·

200 654 376 722 reddimus
400 655 543 738 ,bildlich
560 655 891 737 da1·stellen,lassen;’
916 655 962 721 sic
973 655 1140 738 reperitur
1166 655 1202 737 V,
1222 667 1248 736 1,
1267 659 1302 722 6:
1323 676 1387 722 non
1511 693 1512 752 3

201 763 362 827 exultare
386 781 444 826 nec
468 767 614 843 strepere
637 781 696 828 nec
721 762 894 828 vociferari
910 762 999 828 facit.
1023 763 1082 845 IX,
1113 763 1203 846 9,15
1230 764 1387 845 pharetra
1511 765 1512 774 ’

202 868 294 933 facit
318 888 389 934 eam
413 869 506 934 ferre.
528 870 569 952 X,
594 871 645 952 22,
671 872 698 934 2.
724 889 816 950 quem
841 870 947 936 dicere
971 869 1052 937 haec
1075 869 1157 936 iacit
1172 871 1279 953 XVII,
1304 872 1333 954 5,
1360 875 1387 936 1.
1446 859 1450 868 ’

205 995 317 1055 eaque
341 975 448 1042 dicere
472 975 553 1042 iacit
576 976 609 1042 0.
633 975 789 1042 Laelium.
1251 1009 1254 1017 .
1511 973 1512 1006 1

321 1083 374 1147 Ad
397 1083 577 1150 accusativi
608 1102 634 1148 c.
665 1083 721 1148 inf.
753 1103 774 1148 a
804 1083 913 1148 verbis
944 1083 1107 1152 sentiendi
1138 1087 1172 1150 01
1203 1083 1387 1150 declarandi

205 1189 387 1270 pendentis
412 1189 704 1270 compensationem
728 1209 786 1271 per
810 1189 911 1273 ,quod’
929 1190 1194 1272 coniunctionem,
1219 1191 1258 1258 de
1275 1209 1338 1271 qua
1353 1211 1388 1256 re
1511 1203 1512 1208 ’

207 1297 279 1362 viri
296 1296 383 1362 docti
400 1295 455 1362 diu
470 1297 668 1378 multumque
685 1297 718 1362 iu
736 1297 883 1363 diversas
899 1303 1010 1380 partes
1028 1298 1285 1381 disputaverunt,
1309 1319 1386 1365 non-

209 1407 306 1472 nulla
328 1409 494 1488 pertinent
517 1425 558 1470 ex
581 1405 642 1470 hoc
659 1404 816 1486 scriptore
834 1405 984 1488 collecta;
1008 1411 1106 1486 atque
1125 1405 1271 1488 equidem
1286 1405 1389 1486 requi.

210 1533 289 1579 esce
313 1515 347 1580 tn
371 1513 596 1580 enumerandis
619 1512 685 1578 illis
709 1513 818 1578 verbis
835 1519 893 1578 aut
907 1513 1131 1596 locutionibus
1156 1513 1270 1593 quibus
1288 1513 1388 1596 ,quod'

212 1621 387 1688 adhaeret:

324 1729 497 1794 convenire
520 1728 546 1811 I,
571 1729 622 1810 20,
648 1729 676 1794 7.
991 1769 993 1776 ι

326 1836 587 1901 animadvertere
609 1835 669 1917 III,
697 1837 745 1914 10,
771 1838 799 1900 0.
824 1835 865 1917 X,
884 1836 933 1918 11,
957 1837 986 1901 9.
1003 1834 1098 1916 XIII,
1115 1836 1167 1918 23,
1186 1835 1234 1900 15.
1251 1835 1323 1917 XV,
1347 1837 1388 1900 28
1446 1887 1452 1902 .

215 1943 237 2006 6
271 1943 544 2028 (animadversum
576 1948 609 2007 et
640 1942 795 2024 scriptum
820 1943 929 2027 quod);
961 1943 1067 2008 tribus
1095 1944 1145 2009 his
1168 1944 1247 2009 Iocis
1271 1945 1390 2010 Indica·

215 2050 307 2116 tivus
330 2050 484 2132 sequitur.

324 2159 358 2223 in
382 2159 536 2224 memoria
559 2162 609 2224 est
633 2157 675 2240 II,
701 2157 751 2238 10,
775 2158 803 2224 2.

325 2266 497 2332 memoriae
521 2261 675 2330 mandare
699 2263 760 2346 III,
787 2265 824 2328 17
850 2265 871 2334 1,
896 2263 1102 2332 indicativus.

325 2373 479 2438 memoria
503 2377 553 2438 est
576 2371 694 2454 ΙΙ,·18,
723 2373 770 2437 10.
795 2375 905 2438 exstat
920 2391 960 2440 m.
984 2373 1025 2454 Χ,
1049 2374 1101 2454 27,
1127 2374 1159 2453 1;
1182 2371 1390 2454 indicativus,

326 2486 536 2547 memoratum
560 2486 611 2546 051
633 2479 671 2562 V,
695 2481 724 2560 2,
748 2481 778 2544 4.
876 2553 879 2558 ,
1093 2465 1095 2470 ’

325 2589 360 2652 in
382 2588 568 2652 memoriam
592 2585 678 2651 redit
701 2587 759 2668 XI,
786 2588 835 2668 15,
861 2587 894 2668 73
917 2585 1124 2652 indicativus.

326 2695 483 2760 traditum
508 2698 558 2760 est
581 2694 641 2776 III,
668 2692 752 2756 151.
778 2691 997 2758 indicativus

330 2804 503 2870 observare
527 2801 587 2883 III,
606 2802 656 2884 10,
681 2800 709 2866 8.
734 2799 805 2880 XV,
831 2799 847 2862 7
873 2799 893 2864 I.
918 2799 1043 2881 XVIII,
1070 2799 1118 2884 15,
1143 2802 1177 2883 2;
1201 2799 1324 2866 duobus
1341 2799 1392 2865 his

220 2909 300 2974 loeis
324 2909 557 2976 coniunctivus.
701 2997 702 3000 Ἴ

327 3017 545 3082 huiuscemodi
569 3034 681 3082 sensus
705 3020 755 3080 eet
776 3014 868 3096 XIX,
895 3015 944 3096 12,
968 3016 988 3078 3
1014 3031 1053 3079 ea
1076 3020 1152 3080 sunt
1169 3014 1392 3107 huiuscemodi

221 3124 310 3208 XIV,
334 3127 363 3208 3,
388 3127 417 3191 2.

328 3250 454 3297 sumere
478 3231 571 3314 XIX,
594 3231 615 3294 5
638 3229 658 3294 l.

327 3339 447 3406 addere
471 3339 526 3419 VI,
552 3340 580 3422 7,
604 3337 633 3402 5.
658 3337 730 3419 VII,
757 3336 806 3419 15,
830 3337 859 3401 4.

328 3448 466 3513 historia
489 3448 530 3529 Χ,
555 3448 605 3528 27,
630 3447 650 3510 1.
990 3453 991 3456 ’

243 3543 244 3547 “
330 3555 436 3622 didere
461 3555 516 3638 VI,
543 3559 569 3636 1,
594 3556 622 3619 6.

329 3667 444 3728 notare
468 3662 530 3743 VI,'
548 3663 568 3725 9
593 3662 612 3724 1.
629 3660 687 3743 XI,
713 3662 741 3742 1,
765 3661 793 3724 6.
810 3659 900 3741 XIX,
918 3660 946 3741 7,
970 3660 1005 3738 4;
1029 3657 1134 3722 tribus
1151 3656 1392 3722 1151001511ᾱί-

223 3770 359 3836 cativus

222 3893 224 3898 ·
329 3879 363 3942 in
387 3882 526 3944 mentem
550 3875 641 3942 venit
665 3875 756 3954 XIII,
781 3875 833 3956 30,
857 3876 886 3939 6.
910 3871 1041 3938 indicat.

331 4005 493 4052 sermones
517 3983 687 4066 agitantur
710 3983 753 4065 II,
777 3984 830 4065 26,
854 3984 882 4049 2.

330 4112 393 4157 non
414 4091 676 4173 praetermittere
692 4091 730 4172 V,
755 4093 783 4169 8,
808 4090 837 4154 8.
861 4087 955 4170 XIII,
980 4088 1031 4169 23,
1055 4088 1109 4167 19;
1133 4085 1194 4150 duo
1219 4086 1252 4150 hi
1269 4085 1330 4148 Ioci
1347 4085 1393 4148 in-

226 4200 401 4266 choativum
426 4201 555 4263 habent.
1511 4281 1512 4288 ἵ

332 4307 524 4387 Saepissime
561 4306 713 4370 lemmata
750 4306 790 4368 ab
827 4303 937 4368 eodem
974 4300 1131 4380 scriptore
1170 4299 1393 4363 coniunctione
1511 4347 1512 4383 3

226 4417 326 4499 ,quod’
351 4415 546 4480 inducuntur
568 4432 626 4493 pro
652 4411 809 4477 eonnnnni
833 4409 1020 4474 accusativo
1045 4427 1070 4472 e.
1094 4407 1149 4473 iuf.

1200 4533 1233 4584 4*
