3036 4912
669 241 888 316 ..ism

287 443 408 513 Verba
416 444 636 530 promittendi,
647 467 728 529 qnae
740 448 839 531 vulgo
853 468 924 514 cum
932 443 1034 514 futuri
1043 443 1366 530 temporisinfinitiuo

32 643 34 660 Ι
158 561 434 638 componuntur,
458 556 644 620 adiunctum
668 556 789 620 liabent
813 557 993 636 praesentis
1016 556 1223 622 infinitivum:
1248 557 1307 637 III,
1335 559 1365 641 Β,

30 759 33 776 ¹
159 663 178 724 1
210 663 383 742 promisit
410 682 527 728 necare
552 663 588 741 V,
614 665 643 745 3,
675 665 707 727 7:
731 663 948 744 pollicebatur
972 664 1065 736 said
1089 665 1213 730 docere.

257 956 339 1062 Dc
372 965 745 1108 coordinatione
780 966 831 1061 ct
864 965 1285 1063 subordinatione.

296 1143 467 1208 Rariorem
490 1144 767 1208 coordinationem
790 1164 848 1225 pro
872 1145 1136 1210 subordinatione
1152 1147 1254 1210 habes
1270 1147 1364 1228 XIII,

166 1254 227 1335 21,
261 1253 302 1316 4;
331 1257 424 1317 verte
452 1259 485 1316 61
513 1259 612 1334 muta,
640 1252 758 1336 facies,
787 1255 839 1335 21,
866 1253 887 1316 5
914 1259 1005 1318 muta
1032 1254 1094 1318 erit
1122 1257 1173 1336 21,
1204 1257 1261 1320 11;
1290 1273 1365 1334 pen-

167 1360 290 1426 sicula
321 1367 491 1439 utrumque
523 1360 759 1443 modulareque,
791 1361 933 1442 reperies
965 1361 1071 1444 XVII,
1103 1363 1131 1444 8,
1163 1363 1196 1426 8:
1228 1363 1363 1427 verbero

169 1487 293 1534 nonne
317 1469 346 1532 is
378 1469 536 1532 curriculo
561 1473 658 1548 atque
683 1469 787 1533 oleum
811 1469 917 1549 petis?
963 1469 1057 1551 Quae¹
1078 1469 1182 1534 forma
1211 1469 1365 1534 conditio-

170 1575 271 1640 nalis
304 1575 441 1640 rationis
473 1575 537 1639 tuit
567 1576 724 1656 primaria
754 1575 889 1655 ideoque
917 1575 1089 1640 familiaris
1112 1576 1284 1657 praecipue
1300 1597 1365 1642 ser-

170 1684 290 1748 monis
313 1683 445 1764 propria
468 1683 679 1762 relinquenda
703 1688 761 1748 est.

293 1790 401 1855 llinus
425 1791 541 1854 stricta
570 1792 707 1855 annexio
732 1791 967 1856 sententiarum
991 1791 1135 1856 cernitur
1156 1791 1191 1855 in¹
1211 1791 1251 1855 iis
1268 1811 1364 1856 enun-

174 1896 288 1980 tiatis
311 1898 367 1962 ubi
390 1897 563 1962 relativum
587 1916 760 1978 pronomen
790 1917 848 1978 per
879 1898 1169 1964 demonstrativum
1194 1898 1363 1981 excipitur,

176 2005 277 2070 velut
301 2005 341 2084 X,
370 2005 399 2084 3,
433 2006 488 2068 lb:
522 2023 614 2084 qnuern
638 2057 644 2070 .
670 2056 676 2069 .
700 2057 707 2069 .
731 2054 738 2067 .
763 2003 914 2084 delectat,
947 2011 1035 2069 amat
1067 2005 1153 2091 (scil.
1177 2005 1221 2090 is)
1254 2010 1362 2069 autern

177 2111 277 2193 XIV,
304 2117 331 2194 1,
358 2113 397 2175 12
422 2111 491 2176 sine
523 2113 638 2190 quibus
670 2110 780 2190 perfici
811 2131 875 2176 non
907 2111 1022 2193 quiret,
1053 2131 1156 2191 neque
1185 2131 1240 2176 eos
1263 2163 1269 2177 .
1294 2165 1300 2177 .
1325 2163 1363 2177 ..

178 2237 317 2283 cernere
342 2225 483 2298 possent.
1258 2300 1260 2306 ¹

292 2327 360 2392 Nec
382 2328 487 2408 magis
511 2333 602 2391 artus
627 2332 677 2390 est
701 2345 803 2391 nexus
827 2327 1009 2392 sententiae
1031 2327 1086 2409 VI,
1111 2328 1140 2408 3,
1167 2329 1216 2410 11,
1240 2327 1294 2392 ubi
1312 2347 1362 2392 ca-

181 2453 241 2498 sus
267 2434 496 2498 attractionem
521 2434 700 2498 desideras:
724 2433 862 2498 lubitum
886 2435 979 2498 nobis
1004 2439 1054 2498 est
1077 2434 1240 2516 attingere
1257 2453 1362 2514 repre·

180 2527 327 2606 liensuri.

293 2650 439 2715 Relatiui
470 2649 666 2730 pronominis
704 2651 745 2714 ad
786 2649 1034 2716 demonstrativi
1074 2669 1183 2714 casum
1223 2650 1360 2714 attracti

183 2757 334 2840 exempla
358 2759 564 2839 reperiuntur
588 2759 681 2822 baec:
706 2758 731 2838 Ι,
756 2759 785 2840 3,
810 2760 849 2821 21
877 2758 909 2822 in
941 2777 978 2821 eo
1011 2777 1073 2836 quo
1098 2756 1165 2821 dixi
1197 2757 1288 2822 libre.
1335 2757 1361 2839 I,

185 2867 239 2947 25,
267 2868 307 2929 16
332 2885 372 2929 ex
398 2865 447 2929 nis
476 2866 590 2945 quibus
623 2857 691 2930 dixi
720 2865 863 2930 vocibus.
910 2864 950 2946 11,
982 2866 1033 2944 26,
1066 2866 1093 2928 1.
1130 2866 1163 2928 in
1200 2865 1250 2929 bis
1278 2867 1361 2929 colo·

184 2975 275 3038 ribus
306 2973 422 3050 quibus
453 2973 546 3037 modo
578 2973 699 3038 dixisti.
754 2973 815 3055 Vl,
849 2973 902 3052 16,
942 2973 962 3034 3
1002 2970 1035 3035 in
1072 2971 1156 3034 libro
1193 2992 1254 3050 quo
1283 2973 1360 3036 dixi.

185 3081 227 3162 Χ,
252 3081 303 3160 23,
329 3083 348 3144 2
372 3080 405 3143 in
429 3080 480 3143 his
504 3080 618 3158 quibus
643 3081 711 3144 dixi
731 3080 833 3144 libris.
878 3079 936 3160 XI,
956 3081 982 3160 1,
999 3079 1019 3140 3
1036 3078 1105 3143 eius
1121 3079 1253 3160 numeri,
1270 3079 1360 3142 cuius

185 3187 333 3274 piximus.
380 3187 438 3266 XI,
467 3187 515 3268 18,
539 3190 581 3249 22
606 3187 638 3250 in
663 3207 700 3251 eo
718 3206 778 3265 quo
795 3205 879 3251 nunc
895 3185 971 3249 dixi.
1019 3185 1097 3266 (scil.
1120 3185 1224 3268 libro).
1270 3185 1359 3266 XIV,

185 3297 214 3378 1,
240 3299 276 3358 11
304 3295 336 3360 in
360 3296 525 3374 libroque
550 3315 648 3374 supra
671 3295 747 3358 dixi.
793 3293 917 3375 XVIII,
942 3296 970 3374 2,
990 3294 1030 3356 15
1047 3293 1159 3357 culice
1185 3312 1246 3372 quo
1282 3293 1359 3358 dixi.

184 3404 274 3486 XIX,
303 3407 329 3484 1,
354 3406 392 3467 21
420 3403 453 3467 in
478 3423 514 3466 eo
539 3423 600 3482 quo
625 3403 692 3466 dixi
715 3402 807 3466 libro.

293 3513 369 3576 dam
393 3529 456 3574 non
480 3510 707 3590 praetermitto
731 3527 822 3573 usum
840 3509 1020 3573 sententias
1037 3507 1199 3572 artissime
1215 3526 1272 3586 per
1287 3523 1359 3586 par·
1488 3589 1492 3598 .

185 3619 303 3683 ticulas
328 3624 370 3700 ,et
394 3620 500 3696 atque’
525 3617 714 3682 conectendi
740 3617 772 3680 in
800 3616 841 3680 iis
870 3616 1057 3697 enuntiatis
1086 3615 1141 3680 ubi
1172 3617 1257 3679 bona
1288 3634 1359 3679 con-

185 3727 320 3792 suetudo
338 3725 562 3790 coniunctione
579 3729 677 3789 caret.
694 3724 748 3788 Ita
771 3723 832 3806 III,
859 3726 885 3805 1,
909 3725 943 3804 5,
967 3723 1024 3788 vix
1040 3743 1099 3805 ego
1116 3723 1197 3787 haec
1213 3722 1359 3786 dixeram
1456 3811 1459 3822 ¹
1488 3759 1490 3774 ·

187 3834 440 3915 cunctabundus
464 3839 562 3912 atque
586 3833 666 3896 lnibi
692 3832 860 3910 qunisqnam
885 3831 990 3910 inquit
1014 3832 1043 3910 2,
1068 3833 1119 3911 29,
1144 3831 1162 3893 8
1191 3831 1272 3894 haec
1303 3829 1359 3893 ubi

184 3943 239 4007 ille
263 3943 356 4024 dixit,
380 3948 413 4008 et
438 3941 588 4007 discessit
611 3941 717 4018 XVII,
743 3943 794 4019 26,
818 3941 839 4002 4
863 3941 943 4004 baec
967 3941 1068 4004 uerba
1094 3937 1145 4002 ubi
1169 3939 1255 4002 lecta
1283 3941 1358 4001 sunt
1478 3958 1483 3967 ·

185 4057 283 4130 atque
306 4051 352 4115 ibi
375 4052 501 4114 Taunus
517 4047 595 4112 mibi
620 4099 627 4112 .
652 4099 658 4111 .
683 4099 689 4112 .
714 4046 827 4124 inquit.
874 4046 983 4110 Minus
1005 4064 1074 4109 cum
1093 4044 1229 4108 Krebsio
1246 4044 1357 4108 Antib.

184 4179 207 4222 s.
231 4177 260 4224 v.
286 4157 342 4223 vix
367 4163 400 4221 et
421 4157 578 4222 Loreuzio
603 4155 645 4219 ad
669 4159 752 4218 most
779 4154 865 4218 1660
889 4153 928 4216 (16
945 4152 1141 4216 Graecorum
1166 4150 1356 4230 imitatione,

184 4285 279 4345 qnam
303 4265 342 4328 (16
366 4263 519 4327 familiari
543 4262 757 4344 neglegenter
781 4261 956 4326 dicentium
987 4278 1046 4324 usu
1078 4257 1217 4340 cogitari
1250 4257 1356 4323 uelim.

183 4375 360 4438 Praeterea
383 4389 412 4436 u.
437 4370 543 4434 Hand.
568 4376 638 4434 turs
661 4369 677 4432 1
700 4389 730 4450 p.
754 4369 828 4432 483.
