3036 4912
613 1165 879 1372 Vita..

239 1500 344 1566 Natus
375 1519 445 1564 sum
474 1517 534 1582 ego
567 1497 603 1563 Ο.
636 1497 762 1580 Gurges
797 1517 825 1562 a.
858 1497 887 1563 d.
921 1497 998 1580 XII,
1022 1497 1088 1565 Cal.
1119 1496 1196 1562 Mai.
1228 1497 1304 1562 anni
1422 1483 1441 1554 j

132 1608 360 1674 Mneccnlx
377 1607 409 1672 in
432 1606 505 1672 vico
530 1607 667 1670 ducatus
683 1605 816 1686 Anhalt,
833 1605 883 1669 cui
900 1609 951 1669 est
966 1625 1097 1671 nemen:
1114 1605 1304 1686 Hundeluft,

133 1719 271 1796 apatre
295 1714 471 1796 Fridericu,
495 1719 599 1778 matre
623 1713 749 1779 Bertha
772 1713 811 1778 de
836 1717 933 1796 gente
958 1714 1068 1797 Vuigt,
1092 1734 1171 1794 ques
1198 1713 1304 1780 adhuc

133 1822 327 1903 superstites
340 1841 410 1887 esse
422 1821 536 1888 laetor.
571 1821 665 1886 Fidei
678 1820 827 1886 addictus
844 1840 912 1886 snm
930 1822 1148 1904 evangelicae.
1186 1821 1305 1886 Primis

132 1929 302 1994 literarum
327 1929 495 1996 elementis
520 1927 605 1993 domi
629 1931 762 1993 auctore
785 1933 879 2008 patre
903 1929 1044 1994 imbutus
1067 1930 1142 1994 inde
1163 1929 1203 1994 ab
1221 1948 1304 1994 annu

135 2037 220 2101 1869
246 2036 448 2118 gymnasium
472 2034 688 2119 Dessavieuse
712 2035 926 2118 frequentavi,
949 2036 1033 2100 unde
1056 2055 1133 2102 vere
1160 2055 1188 2101 a.
1221 2036 1304 2102 1879
1369 2025 1372 2032 ’

133 2163 203 2210 cum
234 2142 436 2208 maturitatis
471 2141 656 2207 tertinmniu
692 2142 842 2207 dimissus
876 2143 919 2206 cd
953 2143 1062 2208 studia
1097 2143 1305 2223 antiquitatis

133 2250 268 2316 colenda
298 2269 349 2316 me
379 2249 412 2314 in
443 2249 691 2316 universitatem
722 2249 958 2332 Erlangeusem
989 2251 1123 2334 contuli,
1157 2250 1213 2316 ubi
1247 2269 1306 2331 per

131 2359 199 2424 tria
236 2359 406 2426 semestria
450 2359 572 2441 linguis
618 2357 761 2438 antiquis
807 2361 840 2422 et
890 2358 1077 2424 theudiscae
1122 2358 1304 2423 tractandis

112 2486 264 2548 =eperam
292 2467 379 2532 dedi:
403 2467 454 2532 lbi
482 2466 616 2532 interfui
633 2467 751 2532 scholis
776 2466 942 2530 doctorum
959 2466 1101 2531 virorum
1117 2464 1304 2546 Woelfflini,

132 2574 281 2655 Luchsii,
328 2575 384 2639 Iw.
423 2573 590 2655 Muelleri,
629 2572 858 2655 Steinmeyeri,
890 2571 1037 2654 Geigeri;
1068 2573 1233 2638 seminarii
1257 2591 1305 2638 su-

133 2682 239 2746 dalem
264 2675 334 2748 esse
357 2701 415 2762 per
438 2700 556 2746 anunm
579 2680 659 2746 mihi
689 2680 790 2748 licuit.
843 2680 923 2745 Inde
955 2684 1127 2745 auctumno
1156 2699 1183 2744 a.
1218 2678 1304 2745 1880

132 2789 319 2855 Berolinnm
350 2787 515 2870 prefectus
547 2788 660 2852 doctus
691 2807 761 2852 sum
791 2805 851 2869 per
881 2787 943 2852 duo
972 2787 1142 2852 semestris
1173 2807 1193 2852 a
1223 2785 1304 2852 viris

132 2896 373 2962 illustrissimis:
410 2893 588 2962 Kirchhoff.
622 2895 767 2978 Vahlen,
802 2894 940 2978 Curtius,
975 2894 1097 2977 Zeller,
1132 2893 1305 2976 Steinthal,

132 3002 277 3086 Scherer,
293 3003 446 3085 Mullaeh,
463 3003 574 3083 Seeck,
587 3005 610 3069 J
612 3003 661 3070 oh.
674 3002 828 3085 Schmidt,
841 3002 986 3083 Mueller,
998 3001 1167 3083 Schrader,
1183 3005 1251 3066 tum
1263 3000 1306 3065 ad

13 3115 14 3142 ²
132 3109 331 3177 absolvenda
343 3109 452 3176 studia
461 3109 566 3176 Hales
578 3109 691 3192 petivi,
705 3110 760 3174 ubi
773 3109 883 3175 audivi
893 3109 1097 3174 doctissimos
1109 3109 1213 3174 virus:
1228 3107 1305 3172 Keil

132 3217 273 3298 Zacher,
297 3216 415 3300 Hiller,
439 3217 686 3300 Dittenberger,
711 3217 828 3299 Haym,
852 3216 926 3284 Juh.
950 3216 1111 3299 Schmidt;
1134 3220 1306 3297 praeterea

132 3325 273 3408 benigne
293 3343 344 3389 me
359 3330 551 3407 receperunt
566 3325 599 3391 in
616 3325 805 3390 societatem
820 3343 910 3390 suam
935 3323 1020 3405 Keil,
1039 3323 1171 3404 Zacher,
1187 3323 1305 3404 Haym.

133 3431 256 3514 Quibus
283 3430 364 3496 uiris
395 3431 555 3514 omnibus,
585 3430 741 3512 imprimis
769 3431 807 3498 E.
835 3429 1009 3497 Woelilinc
1032 3448 1091 3496 nec
1122 3429 1226 3495 minus
1254 3429 1303 3512 iis,

132 3539 186 3619 qui
217 3537 388 3621 Gymnasii
417 3543 645 3620 praeceptores
676 3557 726 3603 me
756 3537 871 3604 literas
902 3538 1093 3621 decuerunt,
1121 3537 1241 3618 optime
1264 3535 1303 3602 de

13 3693 14 3718 ,
131 3665 181 3710 me
205 3645 330 3711 meritis
362 3650 516 3724 quantum
549 3645 683 3710 debeam
714 3664 877 3724 nunquam
901 3645 1021 3710 oblitus
1050 3643 1176 3726 gratias
1199 3644 1302 3708 habeo

13 3739 15 3826 ἶ
132 3773 226 3833 quam
250 3751 408 3816 maximas
431 3769 619 3832 semperque
642 3752 777 3816 habeba.
